
@misc{
ack,
         Year = {} }




@article{
Amin_localminima,
   Author = {Amin, M. H. S.},
   Journal = {Phys Rev Lett},
   Volume = {100},
   Number = {13},
   Pages = {130503},
   Year = {2008} }




@article{
   Author = {Amin, M. H. S. and Love, P. J. and Truncik, C. J. S.},
   Journal = {Physical Review Letters},
   Volume = {1},
   Number = {6},
   Pages = {4},
   Year = {2008} }




@article{
Andrecut_adiabaticgates,
   Author = {Andrecut, M. and Ali, M. K.},
   Journal = {International Journal of Theoretical Physics},
   Volume = {43},
   Number = {4},
   Pages = {933-938},
   Year = {2004} }




@article{
   Author = {Boyer, M.},
   Year = {} }




@article{
Brickman_2005,
   Author = {Brickman, K. A. and Haljan, P. C. and Lee, P. J. and Acton, M. and Deslauriers, L. and Monroe, C.},
   Journal = {Physical Review A (Atomic, Molecular, and Optical Physics)},
   Volume = {72},
   Number = {5},
   Pages = {50306-1-50306-50306-4},
   Year = {2005} }




@article{
Burges,
   Author = {Burges, Christopher J.C.},
   Journal = {Microsoft Research MSR-TR-2002-83},
   Volume = {Technical Report},
   Year = {2002} }




@article{
Childs_2002,
   Author = {Childs, A. M. and Farhi, E. and Preskill, J.},
   Journal = {Physical Review A},
   Volume = {65},
   Number = {1},
   Pages = {10},
   Year = {2002} }




@article{
Chuang_1998search,
   Author = {Chuang, I. L. and Gershenfeld, N. and Kubinec, M.},
   Journal = {Physical Review Letters},
   Volume = {80},
   Number = {15},
   Pages = {3408-3411},
   Year = {1998} }




@article{
Gershenfeld:1997aa,
   Author = {Chuang, I. L. and Gershenfeld., N. and Kubinec, M. G. and Leung, D. W.},
   Journal = {Proc. R. Soc. Lond. A},
   Volume = {454},
   Number = {1969},
   Pages = {447-467},
   Year = {1998} }




@article{
Cory:1997aa,
   Author = {Cory, D. G. and Fahmy, A. F. and Havel, T. F.},
   Volume = {94},
   Pages = {1634},
   Year = {1997} }




@article{
smallangle,
   Author = {Das, R. and Mahesh, T. S. and Kumar, A.},
   Journal = {Physical Review A (Atomic, Molecular, and Optical Physics)},
   Volume = {67},
   Number = {6},
   Pages = {62304-1-62304-62304-6},
   Year = {2003} }




@article{
Das_2002,
   Author = {Das, S. and Kobes, R. and Kunstatter, G.},
   Journal = {Physical Review A (Atomic, Molecular, and Optical Physics)},
   Volume = {65},
   Number = {6},
   Pages = {62310-62314},
   Year = {2002} }




@article{
Dodd_2003,
   Author = {Dodd, J. L. and Ralph, T. C. and Milburn, G. J.},
   Journal = {Physical Review A (Atomic, Molecular, and Optical Physics)},
   Volume = {68},
   Number = {4},
   Pages = {42328-1-42328-42328-8},
   Year = {2003} }




@misc{
Farhi1,
   Author = {Farhi, E. and Goldstone, J.},
   Title = {A Numerical Study of the Performance of a Quantum Adiabatic Evolution Algorithm for Satisfiability},
   Note = {quant-ph/0007071v1.},
         Year = {} }




@article{
Farhi,
   Author = {Farhi, Edward and Goldstone, Jeffrey and Gutmann, Sam and Lapan, Joshua and Lundgren, Andrew and Preda, Daniel},
   Journal = {Science },
   Volume = {292},
   Pages = {472-475},
   Year = {2001} }




@article{
Farhi_2000,
   Author = {Farhi, E. and Goldstone, J. and Gutmann, S. and Sipser, M.},
   Journal = {quant-ph},
   Volume = {0001106},
   Year = {2000} }




@article{
   Author = {Farhi, E. and Gutmann, S.},
   Journal = {Physical Review A (Atomic, Molecular, and Optical Physics)},
   Volume = {57},
   Number = {4},
   Pages = {2403-2406},
   Year = {1998} }




@article{
Friedenauer_2008,
   Author = {Friedenauer, A. and Schmitz, H. and Glueckert, J. T. and Porras, D. and Schaetz, T.},
   Journal = {Nature Phys},
   Volume = {4},
   Number = {10},
   Pages = {757-761},
   Year = {2008} }




@article{
Grover_search,
   Author = {Grover, Lov K.},
   Journal = {Phys. Rev. Lett.},
   Volume = {79},
   Number = {2},
   Pages = {325-328},
   Year = {1997} }




@article{
   Author = {Hastings, M. B.},
   Journal = {Physical Review Letters},
   Volume = {103},
   Number = {5},
   Pages = {4},
   Year = {2009} }




@article{
Kim_2002,
   Author = {Jaehyun, Kim and Jae-Seung, Lee and Soonchil, Lee},
   Journal = {Physical Review A (Atomic, Molecular, and Optical Physics)},
   Volume = {65},
   Number = {5},
   Pages = {54301-1-54301-54301-4},
   Year = {2002} }




@article{
Ju_2007,
   Author = {Ju, Y. L. and Tsai, I. M. and Kuo, S. Y.},
   Journal = {Ieee Transactions on Circuits and Systems I-Regular Papers},
   Volume = {54},
   Number = {11},
   Pages = {2552-2563},
   Year = {2007} }




@article{
Kato,
   Author = {Kato, T.},
   Volume = {5},
   Pages = {435},
   Year = {1950} }




@book{
Knuth,
   Author = {Knuth, D. E},
   Title = {The Art of Computer Programming Vol. 2, Seminumerical Algorithms},
   Publisher = {Addison-Wesley, Reading},
   Address = {Massachusetts},
      Year = {1998} }




@book{
Koblitz,
   Author = {Koblitz, N.},
   Title = {A Course in Number Theory and Cryptography},
   Publisher = {Springer-Verlag},
      Year = {1994} }




@article{
Lanyon,
   Author = {Lanyon, B. P. and Weinhold, T. J. and Langford, N. K. and Barbieri, M. and James, D. F.V. and Gilchrist, A. and White, A. G.},
   Journal = {Phys. Rev. Lett.},
   Volume = {99},
   Pages = {250505},
   Year = {2007} }




@article{
   Author = {Lidar, D. A.},
   Journal = {Physical Review Letters},
   Volume = {100},
   Number = {16},
   Pages = {4},
   Year = {2008} }




@article{
Long_2001,
   Author = {Long, G.L. and Yan, H.Y. and Li, Y.S. and Tu, C.C. and Tao, J.X. and others },
   Journal = {Physics Letters A},
   Volume = {286},
   Number = {2-3},
   Pages = {121},
   Year = {2001} }




@article{
Luchaoyang,
   Author = {Lu, Chao-Yang and Browne, Daniel E. and Yang, Tao and Pan, Jian-Wei},
   Journal = {Phys. Rev. Lett.},
   Volume = {99},
   Pages = {250504},
   Year = {2007} }




@book{
Messiah,
   Author = {Messiah, A.},
   Title = {Quantum Mechanics},
   Publisher = {Wiley, New York},
      Year = {1976} }




@article{
Mitra_2005,
   Author = {Mitra, A. and Ghosh, A. and Das, R. and Patel, A. and Kumar, A.},
   Journal = {Journal of Magnetic Resonance},
   Volume = {177},
   Number = {2},
   Pages = {285-298},
   Year = {2005} }




@article{
Mizel_2007,
   Author = {Mizel, Ari and Lidar, Daniel A. and Mitchell, Morgan},
   Journal = {Phys Rev Lett},
   Volume = {99},
   Number = {7},
   Pages = {070502},
   Year = {2007} }




@book{
QCQI,
   Author = {Nielsen, M. A. and Chuang, I. L.},
   Title = {Quantum Computation and Quantum Information},
   Publisher = {Cambridge Univ. Press},
   Address = {Cambridge},
      Year = {2000} }




@article{
Nielsen_geometry,
   Author = {Nielsen, M. A. and Dowling, M. R. and Gu, M. and Doherty, A. C.},
   Journal = {Science},
   Volume = {311},
   Number = {5764},
   Pages = {1133-1135},
   Year = {2006} }




@article{
Peng_2005,
   Author = {Peng, Xin-Hua and Du, Jiang-Feng and Suter, Dieter},
   Journal = {Phys. Rev. A},
   Volume = {71},
   Number = {1},
   Pages = {012307},
   Year = {2005} }




@article{
peng_2008,
   Author = {Peng, Xin-Hua and Liao, Ze-Yang and Xu, Nan-Yang and Qin, Gan and Zhou, Xian-Yi and Suter, Dieter and Du, Jiang-Feng},
   Journal = {Physical Review Letters},
   Volume = {101},
   Number = {22},
   Pages = {4},
   Year = {2008} }




@article{
Roland_2002,
   Author = {Roland, J. and Cerf, N. J.},
   Journal = {Physical Review A},
   Volume = {65},
   Number = {4},
   Pages = {6},
   Year = {2002} }




@article{
   Author = {Roland, J閞閙ie and Cerf, Nicolas J.},
   Journal = {Physical Review A},
   Volume = {68},
   Number = {6},
   Pages = {062312},
   Year = {2003} }




@article{
   Author = {Roland, J閞閙ie and Cerf, Nicolas J.},
   Journal = {Physical Review A},
   Volume = {68},
   Number = {6},
   Pages = {062311},
   Year = {2003} }




@article{
Roland_robust,
   Author = {Roland, J\'er\'emie and Cerf, Nicolas J.},
   Journal = {Physical Review A (Atomic, Molecular, and Optical Physics)},
   Volume = {71},
   Number = {3},
   Pages = {032330},
   Year = {2005} }




@article{
   Author = {Sarandy, M. S. and Duzzioni, E. I. and Moussa, M. H. Y.},
   Journal = {Physical Review A (Atomic, Molecular, and Optical Physics)},
   Volume = {76},
   Number = {5},
   Pages = {052112-1-052112-052112-9},
   Year = {2007} }




@article{
Schaller,
   Author = {Schaller, G. and Schutzhold, R.},
   Journal = {quant-ph/07081882},
   Year = {2007} }




@article{
Schutzhold,
   Author = {Schutzhold, R. and Schaller, G.},
   Journal = {Physical Review A},
   Volume = {74},
   Number = {6},
   Pages = {4},
   Year = {2006} }




@inproceedings{
Shor_algorithm,
   Author = {Shor, P.},
   BookTitle = {Proceedings of the 35th Annual Symposium on Foundations of Computer Science},
   Address= {Santa Fe, NM},
   Publisher = {IEEE Computer Society Press, New York},
   Pages = {124},
      Year = {1994} }




@article{
   Author = {Siu, M. S.},
   Journal = {Physical Review A},
   Volume = {71},
   Number = {6},
   Pages = {9},
   Year = {2005} }




@article{
   Author = {Siu, M. S.},
   Journal = {Physical Review A},
   Volume = {75},
   Number = {6},
   Pages = {5},
   Year = {2007} }




@article{
Steffen,
   Author = {Steffen, M. and van Dam, W. and Hogg, T. and Breyta, G. and Chuang, I.},
   Journal = {Physical Review Letters},
   Volume = {90},
   Number = {6},
   Pages = {067903/1-067903/4},
   Year = {2003} }




@article{
   Author = {Vandersypen, Lieven M. K. and Steffen, Matthias and Breyta, Gregory and Yannoni, Costantino S. and Cleve, Richard and Chuang, Isaac L.},
   Journal = {Physical Review Letters},
   Volume = {85},
   Number = {25},
   Pages = {5452},
   Year = {2000} }




@article{
Chuang,
   Author = {Vandersypen, Lieven M. K. and Steffen, Matthias and Breyta, Gregory and Yannoni, Costantino S. and Sherwood, Mark H. and Chuang, Isaac L.},
   Journal = {Nature},
   Volume = {414},
   Pages = {883 - 887},
   Year = {2001} }




@article{
Vandersypen_3bitsearch,
   Author = {Vandersypen, L. M. K. and Steffen, M. and Sherwood, M. H. and Yannoni, C. S. and Breyta, G. and Chuang, I. L.},
   Journal = {Applied Physics Letters},
   Volume = {76},
   Number = {5},
   Pages = {646-648},
   Year = {2000} }




@article{
Xu_search,
   Author = {Xu, NanYang  and Peng, Xin-Hua and Shi, Ming-Jun and Du, Jiang-Feng},
   Journal = {quant-ph/08110663},
   Year = {2008} }




@article{
Zalka_1999,
   Author = {Zalka, Christof},
   Journal = {Physical Review A},
   Volume = {60},
   Number = {4},
   Pages = {2746},
   Year = {1999} }

@article{
Khaneja,
  Author = {Khaneja, N. and Reiss, T. and Kehlet, C. and Herbruggen, T. S. and Glaser, S. J.},
  Journal = {Journal of Magnetic Resonance},
  Volume = {172},
  Number = {6},
  Pages = {296},
  Year = {2005} }

@article{
Dawei,
  Author = {Lu, Da-Wei and Zhu, Jing and Zou, Ping and Peng, Xin-Hua and Yu, Yi-Hua and Zhang, Shan-Min and Chen, Qun and Du, Jiang-Feng},
  Journal = {Physical Review A (Atomic, Molecular, and Optical Physics)},
  Volume = {81},
  Number = {6},
  Pages = {022308},
  Year = {2010} }

@article{
   Author = {Znidaric, M.},
   Journal = {Physical Review A (Atomic, Molecular, and Optical Physics)},
   Volume = {71},
   Number = {6},
   Pages = {62305-1-62305-62305-7},
   Year = {2005} }
