
@article{
manybody,
   Author = {Abrams, D. S. and Lloyd, S.},
   Journal = {Physical Review Letters},
   Volume = {79},
   Number = {13},
   Pages = {2586-2589},
   Year = {1997} }




@article{
molenergy,
   Author = {Aspuru-Guzik, A. and Dutoi, A. D. and Love, P. J. and Head-Gordon, M.},
   Journal = {Science},
   Volume = {309},
   Number = {5741},
   Pages = {1704-1707},
   Year = {2005} }




@book{
quantchemistry,
   Author = {Attila Szabo, Neil S. Ostlund},
   Title = {Modern Quantum Chemistry},
   Publisher = {Dover publications, Inc.},
   Volume = {238},
      Year = {} }




@article{
   Author = {Bachelet, G. B. and Ceperley, D. M. and Chiocchetti, M. G. B.},
   Journal = {Physical Review Letters},
   Volume = {62},
   Number = {18},
   Pages = {2088-2091},
   Year = {1989} }




@article{
   Author = {Bacon, D. and Brown, K. R. and Whaley, K. B.},
   Journal = {Physical Review Letters},
   Volume = {87},
   Number = {24},
   Pages = {247902/1-247902/4},
   Year = {2001} }




@article{
   Author = {Brown, K. R. and Clark, R. J. and Chuang, I. L.},
   Journal = {Physical Review Letters},
   Volume = {97},
   Number = {5},
   Pages = {4},
   Year = {2006} }




@article{
   Author = {Dobsicek, M. and Johansson, G. and Shumeiko, V. and Wendin, G.},
   Journal = {Physical Review A},
   Volume = {76},
   Number = {3},
   Pages = {4},
   Year = {2007} }




@article{
du_geophase,
   Author = {Du, J. F. and Zou, P. and Shi, M. J. and Kwek, L. C. and Pan, J. W. and others },
   Journal = {Physical Review Letters},
   Volume = {91},
   Number = {10},
   Pages = {4},
   Year = {2003} }




@article{
feynman,
   Author = {Feynman, R. P.},
   Journal = {International Journal of Theoretical Physics},
   Volume = {21},
   Number = {6-7},
   Pages = {467-488},
   Year = {1982} }




@article{
   Author = {Higgins, B. L. and Berry, D. W. and Bartlett, S. D. and Wiseman, H. M. and Pryde, G. J.},
   Journal = {Nature},
   Volume = {450},
   Number = {7168},
   Pages = {393-U5},
   Year = {2007} }




@book{
knuth,
   Author = {Knuth, D. E},
   Title = {The Art of Computer Programming Vol. 2, Seminumerical Algorithms},
   Publisher = {Addison-Wesley, Reading},
   Address = {Massachusetts},
      Year = {1998} }




@article{
   Author = {Lloyd, S.},
   Journal = {Physical Review Letters},
   Volume = {75},
   Number = {2},
   Pages = {346-349},
   Year = {1995} }




@article{
lloyld_univsim,
   Author = {Lloyd, S.},
   Journal = {Science},
   Volume = {279},
   Number = {5354},
   Pages = {1117-1117},
   Year = {1998} }




@book{
qcqi,
   Author = {Nielsen, M. A. and Chuang, I. L.},
   Title = {Quantum Computation and Quantum Information},
   Publisher = {Cambridge Univ. Press},
   Address = {Cambridge},
      Year = {2000} }




@article{
peng2005,
   Author = {Peng, X. H. and Du, J. F. and Suter, D.},
   Journal = {Physical Review A},
   Volume = {71},
   Number = {1},
   Pages = {4},
   Year = {2005} }




@article{
peng_comple,
   Author = {Peng, X. H. and Zhu, X. W. and Suter, D. and Du, J. F. and Liu, M. L. and others },
   Journal = {Physical Review A},
   Volume = {72},
   Number = {5},
   Pages = {11},
   Year = {2005} }




@article{
shor_algorithm,
   Author = {Shor, P.},
   Pages = {124},
   Year = {1994} }




@article{
oscillator,
   Author = {Somaroo, S. and Tseng, C. H. and Havel, T. F. and Laflamme, R. and Cory, D. G.},
   Journal = {Physical Review Letters},
   Volume = {82},
   Number = {26},
   Pages = {5381-5384},
   Year = {1999} }




@article{
   Author = {Sornborger, A. T. and Stewart, E. D.},
   Journal = {Physical Review A},
   Volume = {60},
   Number = {3},
   Pages = {1956-1965},
   Year = {1999} }




@article{
   Author = {Thogersen, L. and Olsen, J.},
   Journal = {Chemical Physics Letters},
   Volume = {393},
   Number = {1-3},
   Pages = {36-43},
   Year = {2004} }




@article{
   Author = {Zhang, J. F. and Peng, X. H. and Rajendran, N. and Suter, D.},
   Journal = {Physical Review Letters},
   Volume = {100},
   Number = {10},
   Pages = {4},
   Year = {2008} }

@article{
spatial,
   Author = {D. G. Cory, A. F. Fahmy and T. F. Havel},
   Journal = {Proc. Natl. Acad},
   Volume = {94},
   Pages = {1634},
   Year = {1997} }
