
@article{Landauer,
   Author = {R. Landauer},
   title = {Irreversibility and heat generation in the computing process},  
Journal = {IBM J. Res.
Dev.},
   Volume = {5},
   Pages = {183},
   Year = {1961} }

@article{Feynman,
   Author = {R. P. Feynman},
   title = {There is plenty of room at the bottom},  
Journal = {Engineering and Science},
   Volume = {23},
   Pages = {22},
   Year = {1959} }


@article{Lecerf,
   Author = {Y. Lecerf},
   title = {Machines de Turing reversibles},  
Journal = {Comptes Rendus},
   Volume = {257},
   Pages = {2597},
   Year = {1963} }

@article{Bennett,
   Author = {C. H. Bennett.},
   title = {Logical reversibility of computation},  
Journal = {IBM J. Res.
Dev.},
   Volume = {17},
   Pages = {525},
   Year = {1973} }

@article{Benioff,
   Author = {P. Benioff},
   title = {The computer as a physical system: Amicroscopic quantum mechanical Hamiltonian
model of computers as represented by Turing machines},  
Journal = {J. Stat. Phys.},
   Volume = {22},
   Pages = {563},
   Year = {1980} }

@article{Feynman2,
   Author = {R. P. Feynman},
   title = {Simulating physics with computers},  
Journal = {Int. J. Theor. Phys.},
   Volume = {21},
   Pages = {467},
   Year = {1982} }

@article{Feynman3,
   Author = {R. P. Feynman},
   title = {Quantum mechanical computers},  
Journal = {Optics News},
   Volume = {2},
   Pages = {11},
   Year = {1985} }

@article{Deutsch,
   Author = {D. Deutsch},
   title = {Quantum theory, the Church-Turing Principle and the universal quantum
computer},  
Journal = {Proc. R. Soc. Lond. A},
   Volume = {400},
   Pages = {97},
   Year = {1985} }

@article{Shor,
   Author = {P. W. Shor},
   title = {Algorithms for quantum computation: discrete logarithms and factoring},  
Journal = {In Proceedings, 35th Annual Symposium on Foundations of Computer Science},
   Volume = {IEEE Press, Los Alamitos, CA},
   Pages = {124},
   Year = {1994} }

@article{Hilbert,
   Author = {M. Hilbert and P. Lopez},
   title = {The world¡¯s technological capacity to store, communicate and computer information},  
Journal = {Science},
   Volume = {332},
   Pages = {60},
   Year = {2011} }

@article{Deutsch2,
   Author = {D. Deutsch},
   title = {Quantum computational networks},  
Journal = {Proc. R. Soc. London A},
   Volume = {425},
   Pages = {73},
   Year = {1985} }

@article{DiVincenzo2,
   Author = {D. P. DiVincenzo},
   title = {Two-bit gates are universal for quantum computation},  
Journal = {Phys. Rev. A},
   Volume = {51},
   Pages = {1015},
   Year = {1995} }

@article{Lloyd2,
   Author = {S. Lloyd},
   title = {Almost any quantum logic gate is universal},  
Journal = {Phys. Rev. Lett.},
   Volume = {75},
   Pages = {346},
   Year = {1995} }

@article{DBE,
   Author = {D. Deutsch and A. Barenco, and A. Ekert},
   title = {Universality in quantum computation},  
Journal = {Proc. R.
Soc. London A},
   Volume = {449},
   Pages = {669},
   Year = {1995} }

@article{Dieks,
   Author = {D. Dieks},
   title = {Communication by EPR devices},  
Journal = {Phys. Lett. A},
   Volume = {92},
   Pages = {271},
   Year = {1982} }

@article{nocloning,
   Author = {W. K. Wootters and W. H. Zurek},
   title = {A single quantum cannot be cloned},  
Journal = {Nature},
   Volume = {299},
   Pages = {802},
   Year = {1982} }

@article{yellow,
   Author = {M. A. Nielsen and I. L. Chuang},
   title = {Quantum computation and quantum information},  
Journal = {Cambridge
University Press, Cambridge, England},
   Volume = {},
   Pages = {},
   Year = {2000} }

@article{Steane,
   Author = {A. Steane},
   title = {Quantum computing},  
Journal = {Rep. Prog. Phys.},
   Volume = {61},
   Pages = {117},
   Year = {1998} }

@article{Preskill,
   Author = {J. Preskill},
   title = {Lecture notes on quantum information and computation},  
Journal = {available at http://theory.caltech.edu/people/preskill/},
   Volume = {},
   Pages = {},
   Year = {1998} }

@article{benben,
   Author = {C. H. Bennett and D. P. DiVincenzo},
   title = {Quantum information and computation},  
Journal = {Nature},
   Volume = {404},
   Pages = {247},
   Year = {2000} }

@article{wangwenge,
   Author = {G. Benenti and G. Casati and G. Strini},
   title = {Principles of quantum computation and information},  
Journal = {World scientific publishing Co. Pte. Ltd.},
   Volume = {},
   Pages = {},
   Year = {2004} }

@article{dwave,
   Author = { M. W. Johnson and
    M. H. S. Amin and
    S. Gildert and
    T. Lanting and
    F. Hamze and
    N. Dickson and
    R. Harris and
    A. J. Berkley and
    J. Johansson and
    P. Bunyk and
    E. M. Chapple and
    C. Enderud and
    J. P. Hilton and
    K. Karimi and
    E. Ladizinsky and
    N. Ladizinsky and
    T. Oh and
    I. Perminov and
    C. Rich and
    M. C. Thom and
    E. Tolkacheva and
    C. J. S. Truncik and
    S. Uchaikin and
    J. Wang and
    B. Wilson
    and G. Rose},
   title = {Quantum annealing with manufactured spins},  
Journal = {Nature},
   Volume = {473},
   Pages = {194},
   Year = {2011} }

@article{DiVincenzo5, ,
   Author = {D. P. DiVincenzo},
   title = {The physical implementation of quantum computation},  
Journal = {Fortschr.
Phys.},
   Volume = {48},
   Pages = {771},
   Year = {2000} }

@article{adia1,
   Author = {A. Mizel and D. A. Lidar and M. Mitchell},
   title = {Simple proof of equivalence between
adiabatic quantum computation and the circuit model},  
Journal = {Phys. Rev. Lett.},
   Volume = {99},
   Pages = {070502},
   Year = {2007} }

@article{oneway1 ,
   Author = {R. Raussendorf and H. J. Briegel},
   title = {A one-way quantum computer},  
Journal = {Phys. Rev. Lett.},
   Volume = {86},
   Pages = {5188},
   Year = {2001} }

@article{KLM,
   Author = {E. Knill and R. Laflamme and G. J. Milburn},
   title = {A scheme for efficient quantum
computation with linear optics},  
Journal = {Nature},
   Volume = {409},
   Pages = {46},
   Year = {2001} }

@article{optics1,
   Author = {A. Politi and J. C. F. Matthews and J. L. O¡¯Brien},
   title = {Shor¡¯s quantum factoring algorithm on
a photonic chip},  
Journal = {Science},
   Volume = {325},
   Pages = {1221},
   Year = {2009} }

@article{optics2,
   Author = {J. L. OBrien},
   title = {Optical quantum computing},  
Journal = {Science},
   Volume = {318},
   Pages = {1567},
   Year = {2007} }

@article{optics3,
   Author = {A. Migdal and J. Dowling},
   title = {Single-photon detectors, applications, and
measurement},  
Journal = {J. Mod. Opt.},
   Volume = {51},
   Pages = {},
   Year = {2004} }

@article{optics4,
   Author = {R. H. Hadfield},
   title = {Single-photon detectors for optical quantum information
applications},  
Journal = {Nature Photon},
   Volume = {3},
   Pages = {696},
   Year = {2009} }

@article{optics5,
   Author = {P. Grangier and B. Sanders and J. Vuckovic},
   title = {Focus on single photons on demand},  
Journal = {New J. Phys.},
   Volume = {6},
   Pages = {},
   Year = {2004} }

@article{optics6,
   Author = {A. J. Shields},
   title = {Semiconductor quantum light sources},  
Journal = {Nature Photon},
   Volume = {1},
   Pages = {215},
   Year = {2007} }

@article{optics7,
   Author = {J. C. F. Matthews and A. Politi and A. Stefanov and J. L. O¡¯Brien},
   title = {Manipulation of
multiphoton entanglement in waveguide quantum circuits},  
Journal = {Nature Photon},
   Volume = {3},
   Pages = {346},
   Year = {2009} }

@article{ions1,
   Author = {J. I. Cirac and P. Zoller},
   title = {Quantum computations with cold trapped ions},  
Journal = {Phys. Rev. Lett.},
   Volume = {74},
   Pages = {4091},
   Year = {1995} }

@article{ions2,
   Author = {D. J. Wineland et al.},
   title = {Experimental issues in coherent quantum-state manipulation
of trapped atomic ions},  
Journal = {J. Res. Natl. Inst. Stand. Technol. },
   Volume = {103},
   Pages = {259},
   Year = {1998} }

@article{ions3,
   Author = {J. I. Cirac and P. Zoller},
   title = {A scalable quantum computer with ions in an array microtraps},  
Journal = {Nature},
   Volume = {404},
   Pages = {579},
   Year = {2001} }

@article{ions4,
   Author = {D. Wineland and R. Blatt},
   title = {Entangled states of trapped atomic ions},  
Journal = {Nature},
   Volume = {453},
   Pages = {1008},
   Year = {2009} }

@article{ions5,
   Author = {T. Monz et al.},
   title = {14-Qubit Entanglement: Creation and Coherence},  
Journal = {Phys. Rev. Lett.},
   Volume = {106},
   Pages = {130506},
   Year = {2011} }

@article{atoms1,
   Author = {O. Morsch and M. Oberthaler },
   title = {Dynamics of Bose-Einstein condensates in optical
lattices},  
Journal = {Rev. Mod. Phys.},
   Volume = {78},
   Pages = {179},
   Year = {2006} }

@article{atoms2,
   Author = {K. D. Nelson and X. Li and D. S. Weiss},
   title = {Imaging single atoms
in a three-dimensional array},  
Journal = {Nature Phys.},
   Volume = {3},
   Pages = {556},
   Year = {2007} }

@article{atoms3,
   Author = {P. Wurtz et al.},
   title = {Experimental demonstration of single-site addressability
in a two-dimensional optical lattice},  
Journal = {Phys. Rev. Lett.},
   Volume = {103},
   Pages = {080404},
   Year = {2009} }

@article{atoms4,
   Author = {A. Fuhrmanek and R. Bourgain and Y. R. P. Sortais and A. Browaeys},
   title = {Free-space lossless state detection of a single trapped
atom},  
Journal = {Phys. Rev. Lett.},
   Volume = {106},
   Pages = {133003},
   Year = {2011} }


@article{atoms5,
   Author = {M. J. Gibbons et al.},
   title = {Nondestructive fluorescent state detection of single
neutral atom qubits},  
Journal = {Phys. Rev. Lett.},
   Volume = {106},
   Pages = {133002},
   Year = {2011} }

@article{atoms6,
   Author = {J. F. Sherson et al.},
   title = {Single-atom-resolved fluorescence
imaging of an atomic Mott insualtor},  
Journal = {Nature},
   Volume = {467},
   Pages = {68},
   Year = {2010} }

@article{review2,
   Author = {I. Buluta and S. Ashhab and F. Nori},
   title = {Natural and artificial atoms for quantum
computation},  
Journal = {Rep. Prog. Phys.},
   Volume = {74},
   Pages = {104401},
   Year = {2011} }

@article{super1,
   Author = {J. Clarke and F. K. Wilhelm},
   title = {Superconducting quantum
bits},  
Journal = {Nature},
   Volume = {453},
   Pages = {1031},
   Year = {2008} }

@article{super2,
   Author = {J. Q. You and F. Nori},
   title = {Superconducting circuits and
quantum information},  
Journal = {Phys. Today},
   Volume = {58},
   Pages = {42},
   Year = {2005} }

@article{super3,
   Author = {J. Q. You and F. Nori},
   title = {Atomic physics and quantum optics
using superconducting circuits},  
Journal = {Nature},
   Volume = {474},
   Pages = {589},
   Year = {2011} }

@article{super4,
   Author = {M. Hofheinz et al.},
   title = {Synthesizing arbitrary quantum states
in a superconducting resonator},  
Journal = {Nature},
   Volume = {459},
   Pages = {546},
   Year = {2009} }

@article{super5,
   Author = {L. DiCarlo et al.},
   title = {Demonstration of two-qubit algorithms
with a superconducting quantum processor},  
Journal = {Nature},
   Volume = {460},
   Pages = {240},
   Year = {2009} }

@article{super6,
   Author = {M. Neeley et al.},
   title = {Generation of three-qubit entangled
states using superconducting phase qubits},  
Journal = {Nature},
   Volume = {467},
   Pages = {570},
   Year = {2010} }

@article{super7,
   Author = {L. DiCarlo et al.},
   title = {Preparation and measurement of
three-qubit entanglement in a superconducting circuit},  
Journal = {Nature},
   Volume = {467},
   Pages = {574},
   Year = {2010} }

@article{super8,
   Author = {G. Sun et al.},
   title = {Tunable quantum beam splitters for coherent manipulation
of a solid-state tripartite qubit system},  
Journal = {Nature Commun.},
   Volume = {1},
   Pages = {51},
   Year = {2010} }

@article{review1,
   Author = {T. D. Ladd et al.},
   title = {Quantum computers},  
Journal = {Nature},
   Volume = {464},
   Pages = {45},
   Year = {2010} }

@article{solid1,
   Author = {J. J. L. Morton et al.},
   title = {Solid-state quantum memory using the
31P nuclear spin},  
Journal = {Nature},
   Volume = {455},
   Pages = {1085},
   Year = {2008} }

@article{solid2,
   Author = {D. Hanneke et al.},
   title = {Realization of a programmable
two-qubit quantum processor},  
Journal = {Nature Phys.},
   Volume = {6},
   Pages = {13},
   Year = {2010} }

@article{solid3,
   Author = {R. Hanson et al.},
   title = {Spins in few-electron quantum
dots},  
Journal = {Rev. Mod. Phys.},
   Volume = {79},
   Pages = {1217},
   Year = {2007} }

@article{solid4,
   Author = {D. M. V. Guredev et al.},
   title = {Quantum register based on individual electronic and
nuclear spin qubits in diamond},  
Journal = {Science},
   Volume = {316},
   Pages = {1312},
   Year = {2007} }

@article{solid5,
   Author = {K. C. Nowack et al.},
   title = {Coherent control of a single
electron spin with electric fields},  
Journal = {Science},
   Volume = {318},
   Pages = {1430},
   Year = {2007} }

@article{solid6,
   Author = {M. H. Mikkelsen et al.},
   title = {Optically detected coherent spin
dynamics of a single electron in a quantum dot},  
Journal = {Nature Phys.},
   Volume = {3},
   Pages = {770},
   Year = {2007} }

@article{solid7,
   Author = {X. Xu et al.},
   title = {Coherent optical
spectroscopy of a strongly driven quantum dot},  
Journal = {Science},
   Volume = {317},
   Pages = {929},
   Year = {2007} }

@article{solid8,
   Author = {B. D. Gerardot et al.},
   title = {Optical pumping of a single hole spin
in a quantum dot},  
Journal = {Nature},
   Volume = {451},
   Pages = {441},
   Year = {2008} }

@article{solid9,
   Author = {F. H. L. Koppens et al.},
   title = {Driven coherent oscillations
of a single electron spin in a quantum dot},  
Journal = {Nature},
   Volume = {442},
   Pages = {766},
   Year = {2006} }

@article{solid10,
   Author = {J. Berezovsky et al.},
   title = {Picosecond coherent optical
manipulation of a single electron spin in a quantum dot},  
Journal = {Science},
   Volume = {320},
   Pages = {349},
   Year = {2008} }

@article{solid11,
   Author = {F. Jelezko et al.},
   title = {Observation of coherent oscillation of a
single nuclear spin and realization of a two-qubit
conditional quantum gate},  
Journal = {Phys. Rev. Lett.},
   Volume = {93},
   Pages = {130501},
   Year = {2004} }

@article{solid12,
   Author = {J. R. Petta et al.},
   title = {Coherent manipulation of coupled electron spins in
semiconductor quantum dots},  
Journal = {Science},
   Volume = {309},
   Pages = {2180},
   Year = {2005} }

@article{solid13,
   Author = {P. Neumann et al.},
   title = {Multipartite entanglement among single
spins in diamond},  
Journal = {Science},
   Volume = {320},
   Pages = {1326},
   Year = {2008} }

@article{nmrpro1,
   Author = {D. G. Cory and A. F. Fahmy and T. F. Havel},
   title = {Ensemble quantum computing by NMR-
spectroscopy},  
Journal = {Proc. Natl Acad. Sci. USA},
   Volume = {94},
   Pages = {1634},
   Year = {1997} }

@article{nmrpro2,
   Author = {N. A. Gershenfeld and I. L. Chuang},
   title = {Bulk spin resonance quantum computation},  
Journal = {Science},
   Volume = {275},
   Pages = {350},
   Year = {1997} }

@article{12qubit,
   Author = {C. Negrevergne et al.},
   title = {Benchmarking quantum control methods on a 12-qubit
system},  
Journal = {Phys. Rev. Lett.},
   Volume = {96},
   Pages = {170501},
   Year = {2006} }

@article{shor15,
   Author = {L. M. K. Vandersypen et al.},
   title = {Experimental realization of Shors quantum factoring
algorithm using nuclear magnetic resonance},  
Journal = {Nature},
   Volume = {414},
   Pages = {883},
   Year = {2001} }


@article{nmrreview1,
   Author = {R. Laflamme et al.},
   title = {Introduction to NMR Quantum Information Processing},  
Journal = {arXiv: 0207172 v1},
   Volume = {},
   Pages = {},
   Year = {2002} }

@article{Lloyd,
   Author = {S. Lloyd},
   title = {Universal quantum simulators},  
Journal = {Science},
   Volume = {273},
   Pages = {1073},
   Year = {1996} }

@article{ionphase,
   Author = {A. Friedenauer and H. Schmitz and J. T. Gluekert and D. Porras and T. Schaez},
   title = {Simulating a quantum magnet with trapped ions},  
Journal = {Nature Phys.},
   Volume = {4},
   Pages = {757},
   Year = {2008} }

@article{mott,
   Author = {M. Greiner and O. Mandel and T. Esslinger and T. W. Haesch and I. Bloch},
   title = {Quantum phase transition from a superfluid to a Mott insulator in a gas of ultracold atoms},  
Journal = {Nature},
   Volume = {415},
   Pages = {39},
   Year = {2002} }

@article{dirac,
   Author = {R. Gerritsma and G. Kirchmair and F. Zaehringer and E. Solano and R. Blatt and C. F. Roos},
   title = {Quantum simulation of the Dirac equation},  
Journal = {Nature},
   Volume = {463},
   Pages = {68},
   Year = {2010} }

@article{optics_static,
   Author = {B. P. Lanyon et al},
   title = {Towards quantum chemistry on a quantum computer},  
Journal = {Nature Chem.},
   Volume = {2},
   Pages = {106},
   Year = {2010} }

@article{simreview,
   Author = {I. Buluta and F. Nori},
   title = {Quantum simulators},  
Journal = {Science},
   Volume = {326},
   Pages = {108},
   Year = {2009} }

@article{brown,
   Author = {K. L. Brown and W. J. Munro and V. M. Kendon},
   title = {Using quantum computers for quantum simulation},  
Journal = {Entropy},
   Volume = {12},
   Pages = {2268},
   Year = {2010} }

@article{ini1,
   Author = {D. Abrams and S. Lloyd},
   title = {Simulation of many-body Fermi systems on a universal quantum computer},  
Journal = {Phys. Rev. Lett.},
   Volume = {79},
   Pages = {2586},
   Year = {1997} }

@article{ini2,
   Author = {G. Ortiz et al.},
   title = {Quantum algorithms for fermionic simulations},  
Journal = {Phys. Rev. A},
   Volume = {64},
   Pages = {022319},
   Year = {2001} }

@article{ini3,
   Author = {G. Ortiz et al.},
   title = {Simulating fermions on a quantum computer},  
Journal = {Comp. Phys. Comm.},
   Volume = {146},
   Pages = {302},
   Year = {2001} }

@article{Polynomial_time_algorithm,
   Author = {I. Kassal and S. P. Jordan and P. J. Love and M. Mohseni and A. Aspuru-Guzik},
   title = {Polynomial-time quantum algorithm for the simulation of chemical dynamics},  
Journal = {Proc. Natl. Acad. Sci.},
   Volume = {105},
   Pages = {18681},
   Year = {2008} }

@article{ini4,
   Author = {H. Wang and S. Ashhab and F. Nori},
   title = {Efficient quantum algorithm for preparing molecular-system-like states on a quantum computer},  
Journal = {Phys. Rev. A},
   Volume = {79},
   Pages = {042335},
   Year = {2009} }

@article{trotter,
   Author = {C. Zalka},
   title = {Efficient simulation of quantum systems by quantum computers},  
Journal = {Proc. R. Soc. Lond. A},
   Volume = {454},
   Pages = {313},
   Year = {1998} }

@article{tro1,
   Author = {K. Brown and I. Clark and I. Chuang},
   title = {Limitations of quantum simulation examined by simualting a pairing Hamiltonian using nuclear magnetic resonance},  
Journal = {Phys. Rev. Lett},
   Volume = {97},
   Pages = {050504},
   Year = {2006} }

@article{tro2,
   Author = {C. Clark et al.},
   title = {Resource requirements for fault-tolerant quantum simualtion: the transverse Ising model ground state},  
Journal = {Phys. Rev. A },
   Volume = {79},
   Pages = {062314},
   Year = {2009} }

@article{tomo,
   Author = {G. DAriano and M. Paris and M. Sacchi},
   title = {Quantum tomography},  
Journal = {Advances in Imaging and Electron Physics },
   Volume = {128},
   Pages = {205},
   Year = {2003} }

@article{mea1,
   Author = {R. Somma et al.},
   title = {Quantum simulations of physical problems},  
Journal = {Phys. Rev. A },
   Volume = {65},
   Pages = {042323},
   Year = {2002} }

@article{chaos1,
   Author = {J. Howell and J. Yeaze},
   title = {Linear optics simulation of the quantum bakers map},  
Journal = {Phys. Rev. A },
   Volume = {61},
   Pages = {012304},
   Year = {2000} }

@article{chaos2,
   Author = {Y. Weinstein et al.},
   title = {Experimental implementation of the quantum bakers map},  
Journal = {Phys. Rev. Lett. },
   Volume = {89},
   Pages = {157902},
   Year = {2002} }


@article{reaction,
   Author = {A. Smirnov and S. Savelev and L. Mourokh and F. Nori},
   title = {Modelling chemical reactions using semiconductor quantum dots
},  
Journal = {Euro. Phys. Lett.},
   Volume = {80},
   Pages = {67008},
   Year = {2007} }

@article{dirac1,
   Author = {A. Bermudez et al.},
   title = {Exact mapping of the 2+1 Dirac oscillator onto the Jaynes-Cummings model: ion-trap experimental proposal},  
Journal = {Phys. Rev. A },
   Volume = {76},
   Pages = {041801},
   Year = {2007} }

@article{dirac2,
   Author = {L. Lamata et al.},
   title = {Dirac equation and quantum relativistic effects in a single trapped ion},  
Journal = {Phys. Rev. Lett.},
   Volume = {98},
   Pages = {253005},
   Year = {2007} }


@article{unruh,
   Author = {P. Alsing and J. Dowling and G. Milburn},
   title = {Ion trap simulations of quantum fields in an expanding universe},  
Journal = {Phys. Rev. Lett.},
   Volume = {94},
   Pages = {220401},
   Year = {2005} }

@article{anyons1,
   Author = {C. Lu et al.},
   title = {Demonstrating anyonic fractional statistics with a six-qubit quantum simulator},  
Journal = {Phys. Rev. Lett.},
   Volume = {102},
   Pages = {030502},
   Year = {2009} }

@article{anyons2,
   Author = {J. You et al.},
   title = {Quantum emulation of a spin system with topologically protected ground states using superconducting quantum circuits},  
Journal = {Phys. Rev. Lett.},
   Volume = {81},
   Pages = {014505},
   Year = {2010} }

@article{glass1,
   Author = {K. Kim et al.},
   title = {Quantum simulation of frustrated Ising spins with trapped ions},  
Journal = {Nature},
   Volume = {465},
   Pages = {590},
   Year = {2010} }

@article{glass2,
   Author = {D. Porras and J .I. Cirac},
   title = {Quantum manipulation of trapped ions in two dimensional Coulomb crystals},  
Journal = {Phys. Rev. Lett.},
   Volume = {96},
   Pages = {250501},
   Year = {2006} }

@article{Alan_first,
   Author = {A. Aspuru-Guzik and A. D. Dutoi and P. J. Love and M. Head-Gordon},
   title = {Simulated quantum computation of molecular energies},  
Journal = {Science},
   Volume = {309},
   Pages = {1704},
   Year = {2005} }

@article{deco,
   Author = {C. H. Tseng et al.},
   title = {Quantum simulation with natural decoherence},  
Journal = {Phys. Rev. A},
   Volume = {62},
   Pages = {032309},
   Year = {2000} }

@article{deco1,
   Author = {F. M. Cucchietti and S. Fernandez-Vidal and J. P. Paz},
   title = {Universal decoherence induced by an environmental quantum phase transition},  
Journal = {Phys. Rev. A},
   Volume = {75},
   Pages = {032337},
   Year = {2007} }

@article{deco2,
   Author = {J. F. Zhang},
   title = {Direct observation of quantum criticality in Ising spin chains},  
Journal = {Phys. Rev. A},
   Volume = {79},
   Pages = {012305},
   Year = {2009} }

@article{schro,
   Author = {G. Strini},
   title = {Error sensitivity of a quantum simulator. I. a first example},  
Journal = {Fortsch. Phys.},
   Volume = {50},
   Pages = {171},
   Year = {2002} }

@article{mon,
   Author = {S. Montangero},
   title = {Dynamically localized systems: exponential sensitivity of entanglement and efficient quantum simulations},  
Journal = {Phys. Rev. A},
   Volume = {70},
   Pages = {032311},
   Year = {2004} }

@article{dur,
   Author = {W. Dur and M. J. Bremne and H. J. Briegel},
   title = {Quantum simulation of interacting high-dimensional systems: the influence of noise},  
Journal = {Phys. Rev. A},
   Volume = {78},
   Pages = {052325},
   Year = {2008} }

@article{cosmic,
   Author = {U. R. Fischer and R. Schutzhold},
   title = {Quantum simulation of cosmic inflation in two-component Bose-Einstein condensates},  
Journal = {Phys. Rev. A},
   Volume = {70},
   Pages = {063615},
   Year = {2004} }

@article{atomsim1,
   Author = {I. Bloch and J. Dalibard and W. Zwerger},
   title = {Many-body physics with ultracold gas},  
Journal = {Rev. Mod. Phys.},
   Volume = {80},
   Pages = {885},
   Year = {2008} }

@article{atomsim2,
   Author = {M. Lewenstein et al.},
   title = {Ultracold atomic gases in optical lattices: mimicking condensed matter physics and beyond},  
Journal = {Advances in Physics},
   Volume = {56},
   Pages = {243},
   Year = {2007} }

@article{atomsim3,
   Author = {D. Jaksch and P. Zoller},
   title = {The cold atom Hubbard toolbox},  
Journal = {Annals of Physics},
   Volume = {315},
   Pages = {52},
   Year = {2005} }

@article{atomsim4,
   Author = {B. Paredes et al.},
   title = {Tonks-Girardeau gas of ultracold atoms in an optical lattice},  
Journal = {Nature},
   Volume = {429},
   Pages = {277},
   Year = {2004} }

@article{atomsim5,
   Author = {M. Zwierlein et al.},
   title = {Vortices and superfluidity in a strongly interacting Fermi gas},  
Journal = {Nature},
   Volume = {435},
   Pages = {1047},
   Year = {2005} }

@article{atomsim6,
   Author = {T. Schulte et al.},
   title = {Routes towards Anderson-like localization of Bose-Einstein condensates in disordered optical lattices},  
Journal = {Phys. Rev. Lett.},
   Volume = {95},
   Pages = {170411},
   Year = {2005} }

@article{atomsim7,
   Author = {L. Fallani et al.},
   title = {Ultralcold atoms in a disordered crystal of light: towards a Bose glass},  
Journal = {Phys. Rev. Lett.},
   Volume = {98},
   Pages = {130404},
   Year = {2007} }

@article{polar1,
   Author = {M. Lewenstein},
   title = {Atomic and molecular physics: Polar molecules in topological order},  
Journal = {Nature Phys.},
   Volume = {2},
   Pages = {309},
   Year = {2006} }

@article{polar2,
   Author = {A. Micheli and G. K. Brennen and P. Zoller},
   title = {A tool-box for lattice-spin models with polar molecules},  
Journal = {Nature Phys.},
   Volume = {2},
   Pages = {341},
   Year = {2006} }

@article{polar3,
   Author = {M. Ortner and A. Micheli and G. Pupillo and P. Zoller},
   title = {Quantum simulations of extended Hubbard models with dipolar crystals},  
Journal = {New J. Phys.},
   Volume = {11},
   Pages = {055045},
   Year = {2009} }

@article{polar4,
   Author = {B. Capogrosso-Sansone et al.},
   title = {Quantum phases of cold polar molecules in 2D optical lattices},
Journal = {Phys. Rev. Lett.}
   Volume = {104},
   Pages = {125301},
   Year = {2010} }

@article{polar5,
   Author = {L. Pollet and J. D. Picon and H. P. Buchler and M. Troyer},
   title = {Supersolid phase with cold polar molecules on a triangular lattice},
Journal = {Phys. Rev. Lett.},
   Volume = {104},
   Pages = {125302},
   Year = {2010} }

@article{polar6,
   Author = {G. Pupillo and A. Micheli and H. P. Buchler and P. Zoller},
   title = {Condensed matter physics with cold polar molecules},
Journal = {arXiv:0805.1896}
   Volume = {},
   Pages = {},
   Year = {2008} }

@article{ionsim1,
   Author = {D. Wineland and C. Monroe and W. Itano and B. King and D. Leibfried and C. Myatt and C. Wood},
   title = {Trapped-ion quantum simulator},
Journal = {Phys. Scripta.},
   Volume = {T76},
   Pages = {147},
   Year = {1998} }

@article{ionsim2,
   Author = {D. Leibfried et al},
   title = {Trapped-ion quantum simulator: experimental application to nonlinear interferometers},
Journal = {Phys. Rev. Lett.},
   Volume = {89},
   Pages = {247901},
   Year = {2002} }

@article{ionsim3,
   Author = {D. Hanneke et al},
   title = {Realisation of a programmable two-qubit quantum processor},
Journal = {Nature Phys.},
   Volume = {6},
   Pages = {13},
   Year = {2009} }

@article{ionsim4,
   Author = {X. L. Deng and D. Porras and J. I. Cirac},
   title = {Quantum phases of interacting phonons in ion traps},
Journal = {Phys. Rev. A},
   Volume = {77},
   Pages = {033403},
   Year = {2008} }

@article{ionsim5,
   Author = {J. Pillo and S. Maniscalco},
   title = {Driven harmonic oscillator as a quantum simulator for open systems},
Journal = {Phys. Rev. A},
   Volume = {74},
   Pages = {032303},
   Year = {2006} }

@article{nmrsim1,
   Author = {S. Somaroo and C. H. Tseng and T. F. Havel and R. Laflamme and D. G. Cory},
   title = {Quantum simulation on a quantum computer},
Journal = {Phys. Rev. Lett.},
   Volume = {82},
   Pages = {5381},
   Year = {1999} }

@article{nmrsim2,
   Author = {C. H. Tseng et al.},
   title = {Quantum simulation of a three-body-interaction Hamiltonian on an NMR quantum computer},
Journal = {Phys. Rev. A},
   Volume = {61},
   Pages = {012302},
   Year = {2000} }

@article{nmrsim3,
   Author = {C. H. Tseng et al.},
   title = {Quantum simulation with natural decoherence},
Journal = {Phys. Rev. A},
   Volume = {62},
   Pages = {032309},
   Year = {2000} }

@article{nmrsim4,
   Author = {C. Negrevergne et al.},
   title = {Liquid-state NMR simulations of quantum many-body problems},
Journal = {Phys. Rev. A},
   Volume = {66},
   Pages = {022317},
   Year = {2005} }

@article{nmrsim5,
   Author = {X. H. Peng and J. F. Du and D. Suter},
   title = {Quantum phase transition of ground-state entanglement in a Heisenberg spin chain simulated in an NMR quantum computer},
Journal = {Phys. Rev. A},
   Volume = {71},
   Pages = {012307},
   Year = {2005} }

@article{nmrsimphase,
   Author = {J. F. Zhang and X. H. Peng and N. Rajendran and D. Suter},
   title = {Detection of Quantum critical points by a probe qubit},
Journal = {Phys. Rev. Lett.},
   Volume = {100},
   Pages = {100501},
   Year = {2008} }

@article{nmrsim6,
   Author = {X. Yang and A. M. Wang and F. Xu and J. F. Du},
   title = {Experimental simulation of a pairing Hamiltonian on an NMR quantum computer},
Journal = {Chem. Phys. Lett.},
   Volume = {422},
   Pages = {20},
   Year = {2006} }

@article{static,
   Author = {J. F. Du and N. Y. Xu and X. H. Peng and P. F. Wang and S. F. Wu and D. W. Lu},
   title = {NMR implementation of a molecular hydrogen quantum simulation
with adiabatic state preparation},
Journal = {Phys. Rev. Lett.},
   Volume = {104},
   Pages = {030502},
   Year = {2010} }

@article{dynamical,
   Author = {D. W. Lu and N. Y. Xu and R. X. Xu and H. W. Chen and J. B. Gong and X. H. Peng and J. F. Du},
   title = {Simulation of chemical isomerization reaction dynamics on a NMR quantum simulator},
Journal = {Phys. Rev. Lett.},
   Volume = {107},
   Pages = {020501},
   Year = {2011} }

@article{yexiao,
   Author = {Z. K. Li and M. H. Yung and H. W. Chen and D. W. Lu and J. D. Whit?eld and X. H. Peng and
A. Aspuru-Guzik and J. F. Du},
   title = {Solving quantum ground-state problems
with nuclear magnetic resonance},
Journal = {Scientific Reports.},
   Volume = {1},
   Pages = {88},
   Year = {2011} }

@article{dotsim1,
   Author = {R. Hanson and D. D. Awschalom},
   title = {Coherent manipulation of single spins in semiconductors},
Journal = {Nature},
   Volume = {453},
   Pages = {1043},
   Year = {2008} }

@article{dotsim2,
   Author = {T. Byrnes et al.},
   title = {Quantum simulation of Fermi-Hubbard models in semiconductor quantum-dot arrays},
Journal = {Phys. Rev. B},
   Volume = {78},
   Pages = {075320},
   Year = {2008} }

@article{dotsim3,
   Author = {E. Manousakis},
   title = {A quantum-dot array as model for copper-oxide superconductors: a dedicated quantum simulator for the many-fermion problem},
Journal = {J. Low. Temp. Phys.},
   Volume = {126},
   Pages = {1501},
   Year = {2002} }

@article{supersim1,
   Author = {A. van Oudenaarden and J. E. Mooij},
   title = {One-dimensional Mott insulator formed by quantum vortices in Josephson Junction arrays},
Journal = {Phys. Rev. Lett.},
   Volume = {76},
   Pages = {4947},
   Year = {1996} }

@article{supersim2,
   Author = {J. You et al.},
   title = {Quantum emulation of a spin system with topologically protected ground states using superconducting quantum circuits},
Journal = {Phys. Rev. B},
   Volume = {81},
   Pages = {014505},
   Year = {2010} }

@article{supersim3,
   Author = {J. J. Garcia-Ripoll and E. Solano and M. A. Martin-Delgado},
   title = {Quantum simulation of Anderson and Kondo lattices with superconducting circuits},
Journal = {Phys. Rev. B},
   Volume = {77},
   Pages = {024522},
   Year = {2008} }

@article{supersim4,
   Author = {A. Rakhmanov et al.},
   title = {Quantum metamaterials: electromagnetic waves in a Josephson qubit line},
Journal = {Phys. Rev. B},
   Volume = {77},
   Pages = {144507},
   Year = {2008} }

@article{supersim5,
   Author = {F. Nori},
   title = {Atomic physics with a circuit},
Journal = {Nature Phys.},
   Volume = {4},
   Pages = {589},
   Year = {2008} }

@article{hubbard1,
   Author = {A. F. Ho and M. A. Cazalilla and T. Giamarchi},
   title = {Quantum simulation of the Hubbard model: The attractive route},
Journal = {Phys. Rev. A},
   Volume = {79},
   Pages = {033620},
   Year = {2009} }

@article{model1,
   Author = {D. Porras and J. I. Cirac},
   title = {Effective quantum spin systems with trapped ions},
Journal = {Phys. Rev. Lett.},
   Volume = {92},
   Pages = {207901},
   Year = {2004} }

@article{model2,
   Author = {J. J. Garcia-Ripoll and M. A. Martin-Delgado and J. I. Cirac},
   title = {Implementation of spin Hamiltonians in optical lattices},
Journal = {Phys. Rev. Lett.},
   Volume = {93},
   Pages = {250405},
   Year = {2004} }

@article{model3,
   Author = {D. Tsokomos and S. Ashhab and F. Nori},
   title = {Using superconducting circuits to engineer exotic lattice systems},
Journal = {Phys. Rev. A},
   Volume = {82},
   Pages = {052311},
   Year = {2010} }

@article{model4,
   Author = {G. Roumpos and C. P. Master and Y. Yamamoto},
   title = {Quantum simulation of spin ordering with nuclear spins in a solid-state lattice},
Journal = {Phys. Rev. B},
   Volume = {75},
   Pages = {094415},
   Year = {2007} }

@article{dis1,
   Author = {A. Bermudez and M.A. Martin-Delgado, D. Porras},
   title = {Localization of phonons in ion traps with controlled quantum disorder},
Journal = {New J. Phys.},
   Volume = {12},
   Pages = {123016},
   Year = {2010} }

@article{high1,
   Author = {F. Yamaguchi and Y. Yamamoto},
   title = {Quantum simulation of the t-J model},
Journal = {Superlattices and Microstructures},
   Volume = {32},
   Pages = {343},
   Year = {2002} }

@article{high2,
   Author = {L. A. Wu and M. Byrd and D. Lidar},
   title = {Polynomial-time simulation of pairing models on a quantum computer},
Journal = {Phys. Rev. Lett.},
   Volume = {89},
   Pages = {057904},
   Year = {2002} }

@article{glass1,
   Author = {D. A. Lidar},
   title = {On the quantum computational complexity of the Ising models spin glass partition function an of knot invariants},
Journal = {New J. Phys.},
   Volume = {6},
   Pages = {167},
   Year = {2004} }

@article{glass2,
   Author = {D. I. Tsomokos and S. Ashhab and F. Nori},
   title = {Fully connected network of superconducting qubits in a cavity},
Journal = {New J. Phys.},
   Volume = {10},
   Pages = {113020},
   Year = {2008} }

@article{meta1,
   Author = {K. Y. Bliokh et al.},
   title = {Unusual resonators: plasmonics, metamaterials, and random media},
Journal = {Rev. Mod. Phys.},
   Volume = {80},
   Pages = {1201},
   Year = {2008} }

@article{topo1,
   Author = {A. Kitaev},
   title = {Fault-tolerant quantum computation by anyons},
Journal = {Ann. Phys.},
   Volume = {303},
   Pages = {2},
   Year = {2003} }

@article{topo2,
   Author = {Y. J. Han and R. Raussendorf and L. M. Duan},
   title = {Scheme for demonstration of fractional statistics of anyons in an exactly solvable model},
Journal = {Phys. Rev. Lett.},
   Volume = {98},
   Pages = {150404},
   Year = {2007} }

@article{topo3,
   Author = {M. Aguado et al.},
   title = {Creation, manipulation, and detection of abelian and non-abelian anyons in optical lattices},  
Journal = {Phys. Rev. Lett.},
   Volume = {101},
 Pages = {260501},
   Year = {2008} }

@article{energy1,
   Author = {B. M. Boghosian and W. Taylor},
   title = {Simulating quantum mechanics on a quantum computer},  
Journal = {Physica D},
   Volume = {120},
 Pages = {30},
   Year = {1998} }

@article{energy2,
   Author = {T. M. Rusin and W. Zawadzki},
   title = {Zitterbewegung of relativistic electrons in a magnetic field and its simulation by trapped ions},  
Journal = {Phys. Rev. D},
   Volume = {82},
 Pages = {125031},
   Year = {2010} }

@article{energy3,
   Author = {F. Dreisow and M. Heinrich and R. Keil and A. Tunnermann and S. Nolte and S. Longhi and A. Szameit},
   title = {Classical simulation of relativisitic Zitterbewegung in photonic lattices},  
Journal = {Phys. Rev. Lett.},
   Volume = {105},
 Pages = {143902},
   Year = {2010} }

@article{energy4,
   Author = {T. Byrnes and Y. Yamamoto},
   title = {Simulating lattice gauge theories on a quantum computer},  
Journal = {Phys. Rev. A},
   Volume = {73},
 Pages = {022328},
   Year = {2006} }

@article{energy5,
   Author = {H. P. Buchler et al.},
   title = {Atomic quantum simulator for lattice gauge theories and ring exchange models},  
Journal = {Phys. Rev. Lett.},
   Volume = {95},
 Pages = {040402},
   Year = {2005} }

@article{energy6,
   Author = {S. Tewari and V. Scarola and T. Senthil and S. D. Sarma},
   title = {Emergence of artificial photons in an optical lattice},  
Journal = {Phys. Rev. Lett.},
   Volume = {97},
 Pages = {200401},
   Year = {2006} }

@article{energy7,
   Author = {F. L. Semiao and M. Paternostro},
   title = {Quantum circuits for spin and flavor degrees of freedom of quarks forming nucleons},  
Journal = {Quantum Information Processing},
   Volume = {11},
 Pages = {67},
   Year = {2012} }

@article{energy8,
   Author = {R. Schutzhold and S. Mostame},
   title = {Quantum simulator for the O(3) nonlinear sigma model},  
Journal = {JETP Letters},
   Volume = {82},
 Pages = {279},
   Year = {2005} }

@article{cosmo1,
   Author = {R. Schutzhold et al.},
   title = {Analogue of cosmological particle creation in an ion trap},  
Journal = {Phys. Rev. Lett.},
   Volume = {99},
 Pages = {201301},
   Year = {2007} }

@article{cosmo2,
   Author = {N. Menicucci and S. Olson and G. Milburn},
   title = {Simulating quantum effects of cosmological expansion using a static ion trap},  
Journal = {New J. Phys.},
   Volume = {12},
 Pages = {095019},
   Year = {2010} }

@article{cosmo3,
   Author = {N. Szpak and R. Schutzhold},
   title = {Quantum simulator for the Schwinger effect with atoms in bi-chromatic optical lattices},  
Journal = {Phys. Rev. A},
   Volume = {84},
 Pages = {050101(R)},
   Year = {2011} }

@article{cosmo4,
   Author = {S. Giovanazzi},
   title = {Hawking radiation in sonic black holes},  
Journal = {Phys. Rev. Lett.},
   Volume = {94},
 Pages = {061302},
   Year = {2005} }

@article{cosmo5,
   Author = {B. Horstmann and B. Reznik and S. Fagnocchi and J. I. Cirac},
   title = {Hawking radiation from an acoustic black hole on an ion ring},  
Journal = {Phys. Rev. Lett.},
   Volume = {104},
 Pages = {250403},
   Year = {2010} }

@article{atomsim1,
   Author = {R. Schoelkopf and S. M. Girvin},
   title = {Wiring up quantum systems},  
Journal = {Nature},
   Volume = {451},
 Pages = {664},
   Year = {2008} }

@article{atomsim2,
   Author = {M. Grajcar et al.},
   title = {Sisyphus cooling and amplification by a superconducting qubit},  
Journal = {Nature Phys.},
   Volume = {4},
 Pages = {612},
   Year = {2008} }

@article{atomsim3,
   Author = {S. Shevchenko and S. Ashhab and F. Nori},
   title = {Landau-Zener-Stuckelberg interferometry},  
Journal = {Physics Reports},
   Volume = {492},
 Pages = {1},
   Year = {2010} }

@article{chem1,
   Author = {I. Kassal and J. D. Whitfield and A. Perdomo-Ortiz and M. H. Yung and A. Aspuru-Guzik},
   title = {Simulating chemistry using quantum computers},  
Journal = {Annu. Rev. Phys. Chem.},
   Volume = {62},
 Pages = {185},
   Year = {2011} }

@article{chem2,
   Author = {D. Lidar and H. Wang},
   title = {Calculating the thermal rate constant with exponential speedup on a quantum computer},  
Journal = {Phys. Rev. E},
   Volume = {59},
 Pages = {2429},
   Year = {1999} }

@article{chem3,
   Author = {E. Torrontegui and A. Ruschhaupt and D. Guaery-Odelin and J. G. Muga},
   title = {Quantum simulation of a triatomic chemical reaction with ultracold atoms on a waveguide},  
Journal = {J. Phys. B: At. Mol. Opt. Phys.},
   Volume = {44},
 Pages = {195302},
   Year = {2011} }

@article{open1,
   Author = {J. Piilo and S. Maniscalco},
   title = {Driven harmonic oscillator as a quantum simulator for open systems},  
Journal = {Phys. Rev. A},
   Volume = {74},
 Pages = {032303},
   Year = {2006} }

@article{open2,
   Author = {D. Bacon et al.},
   title = {Universal simulation of Markovian quantum dynamics},  
Journal = {Phys. Rev. A},
   Volume = {64},
 Pages = {062302},
   Year = {2001} }

@article{chaos3,
   Author = {B. Levi and B. Georgeot},
   title = {Quantum computation of a complex system: the kicked Harper model},  
Journal = {Phys. Rev. E},
   Volume = {70},
 Pages = {056218},
   Year = {2004} }

@article{others1,
   Author = {G. Benenti and G. Strini},
   title = {Quantum simulation of the single-particle Schroedinger equation},  
Journal = {Am. J. Phys.},
   Volume = {76},
 Pages = {657},
   Year = {2008} }

@article{others2,
   Author = {P. Hanggi and F. Marchesoni},
   title = {Artificial Brownian motors: Controlling transport on the nanoscale},  
Journal = {Rev. Mod. Phys.},
   Volume = {81},
 Pages = {387},
   Year = {2009} }

@article{others3,
   Author = {P. Hanggi and F. Marchesoni and F. Nori},
   title = {Brownian motors},  
Journal = {Annalen der Physik},
   Volume = {14},
 Pages = {51},
   Year = {2005} }

@article{others4,
   Author = {K. Maruyama and F. Nori and V. Vedral},
   title = {Physics of Maxwell's demon and information},  
Journal = {Rev. Mod. Phys.},
   Volume = {81},
 Pages = {1},
   Year = {2009} }

@article{adiaqs,
   Author = {J.D. Biamonte and V. Bergholm and J. D. Whitfield and J. Fitzsimons, A. Aspuru-Guzik},
   title = {Adiabatic quantum simulators},  
Journal = {AIP Advances},
   Volume = {1},
 Pages = {022126},
   Year = {2011} }

@article{road,
   Author = {},
   title = {QIPC-Strategic report on current status, visions and goals for research in Europe, version 1.5},  
Journal = {},
   Volume = {},
 Pages = {},
   Year = {2008} }

@article{rabi,
   Author = {I.I. Rabi and J.R. Zacharias and S. Millman and P. Kusch},
   title = {A new method of measuring nuclear magnetic moment},  
Journal = {Phys. Rev.},
   Volume = {53},
 Pages = {318},
   Year = {1938} }

@article{nmrhistory,
   Author = {A. Filler},
   title = {The history, development and impact of computed imaging in neurological diagnosis and neurosurgery: CT, MRI, and DTI},  
Journal = {Nature Precedings},
   Volume = {},
 Pages = {},
   Year = {2009} }

@article{Haeberlen,
   Author = {U. Haeberlen and J. Waugh},
   title = {Coherent averaging effects in magnetic resonance},  
Journal = {Phys. Rev.},
   Volume = {175},
 Pages = {453},
   Year = {1968} }

@article{sign1,
   Author = {R. Bruschweiler and J. Madsen and C. Griesinger and O. Sorensen and
R. Ernst},
   title = {Two-dimensional nmr-spectroscopy with soft pulses},  
Journal = {J. Magn. Reson.},
   Volume = {73},
 Pages = {380},
   Year = {1987} }

@article{bshift,
   Author = {F. Bloch and A. Siegert},
   title = {Magnetic resonance for nonrotating fields},  
Journal = {Phys. Rev.},
   Volume = {57},
 Pages = {522},
   Year = {1940} }

@article{relax1,
   Author = {A. Redfield},
   title = {On the theory of relaxation processes},  
Journal = {IBM J. Res. Dev.},
   Volume = {1},
 Pages = {19},
   Year = {1957} }

@article{relax2,
   Author = {J. Jeener},
   title = {Superoperators in magnetic resonance},  
Journal = {Adv. Magn. Reson.},
   Volume = {10},
 Pages = {1},
   Year = {1982} }

@article{shape1,
   Author = {C. J. Bauer and R. Freeman and T. Frenkiel and J. Keeler and A. J. Shaka},
   title = {Gaussian pulses},  
Journal = {J. Magn. Reson.},
   Volume = {58},
 Pages = {442},
   Year = {1984} }

@article{shape2,
   Author = {W. Warren},
   title = {Effects of arbitrary laser or NMR pulse shapes on population inversion and
coherence},  
Journal = {J. Chem. Phys.},
   Volume = {81},
 Pages = {5437},
   Year = {1984} }

@article{shape3,
   Author = {H. Geen and R. Freeman},
   title = {Band-selective radiofrequency pulses},  
Journal = {J. Magn. Reson.},
   Volume = {93},
 Pages = {93},
   Year = {1991} }

@article{shape4,
   Author = {D. Abramovich and S. Vega},
   title = {Derivation of broadband and narrowband excitation pulses
using the Floquet formalism},  
Journal = {J. Magn. Reson.},
   Volume = {105},
 Pages = {30},
   Year = {1993} }

@article{linecnot,
   Author = {A. Khitrin and V. Ermakov and B. Fung},
   title = {Information storage using a cluster of dipolar-coupled spins},  
Journal = {Chem. Phys. Lett.},
   Volume = {360},
 Pages = {161},
   Year = {2002} }

@article{linecnot2,
   Author = {M. Bremner and C. Dawson and J. Todd and A. Gilchrist and A. Harrow and D.
Mortimer and M. Nielsen and T. Osborne},
   title = {Practical scheme for quantum computation with any two-qubit entangling gate},  
Journal = {Phys. Rev. Lett.},
   Volume = {89},
 Pages = {247902},
   Year = {2002} }

@article{refo1,
   Author = {J. Jones and E. Knill},
   title = {Efficient refocussing of one spin and two spin interactions for NMR quantum computation},  
Journal = {J. Magn. Reson.},
   Volume = {141},
 Pages = {322},
   Year = {1999} }

@article{refo2,
   Author = {D. W. Leung and I. L. Chuang and F. Yamaguchi and Y. Yamamoto,},
   title = {Efficient implementation of coupled logic gates for quantum computation},  
Journal = {Phys. Rev. A},
   Volume = {61},
 Pages = {042310},
   Year = {2000} }

@article{refo3,
   Author = {N. Linden and H. Barjat and R. Carbajo and R. Freeman},
   title = {Pulse sequences for NMR quantum computers: how to manipulate nuclear spins while freezing the motion of coupled neighbours},  
Journal = {Chem. Phys. Lett.},
   Volume = {305},
 Pages = {28},
   Year = {1999} }

@article{smp1,
   Author = {E. M. Fortunato and M. A. Pravia and N. Boulant and G. Teklemariam and T. F. Havel and
D. G. Cory},
   title = {Design of strongly modulating pulses to implement precise effective Hamiltonians for quantum information processing },  
Journal = {J. Chem. Phys.},
   Volume = {116},
 Pages = {7599},
   Year = {1999} }

@article{smp2,
   Author = {N. Boulant and K. Edmonds and J. Yang and M. A. Pravia and D. G. Cory},
   title = {Experimental demonstration of an entanglement swapping operation and improved control in NMR quantum-information processing},  
Journal = {Phys. Rev. A},
   Volume = {68},
 Pages = {032305},
   Year = {2003} }

@article{smp3,
   Author = {Y. S. Weinstein and T. F. Havel and J. Emerson and N. Boulant and M. Saraceno and S. Lloyd and
D. G. Cory},
   title = {Quantum process tomography of the quantum Fourier transform},  
Journal = {J. Chem. Phys.},
   Volume = {121},
 Pages = {6117},
   Year = {2004} }

@article{smp4,
   Author = {J.A. Nelder and R. Mead},
   title = {A simplex method for function minimization},  
Journal = {Comput. J.},
   Volume = {7},
 Pages = {308},
   Year = {1965} }

@article{smp5,
   Author = {S. Reich and A. J. Vega },
   title = {Skin depth measurement in thin metal films by pulse nuclear magnetic resonance nutation technique},  
Journal = {J. Appl. Phys.},
   Volume = {58},
 Pages = {2759},
   Year = {1985} }

@article{smp6,
   Author = {N. Khaneja and T. Reiss and C. Kehlet and T. Schulte-Herbruggen and S. J. Glaser},
   title = {Optimal control of coupled spin dynamics:
design of NMR pulse sequences by gradient ascent algorithms},  
Journal = {J. Magn. Reson.},
   Volume = {172},
 Pages = {296},
   Year = {2005} }

@article{smp7,
   Author = {C. A. Ryan and M. Laforest and J. C. Boileau and R. Laflamme},
   title = {Experimental implementation of a discrete-time quantum random walk on an NMR quantum-information processor},  
Journal = {Phys. Rev. A},
   Volume = {72},
 Pages = {062317},
   Year = {2005} }

@article{pps1,
   Author = {M. D. Bird and J. E. Crow and P. Schlottmann},
   title = {The national high magnetic field laboratory: condensed matter science in continuous magnetic fields},  
Journal = {J. Low Temp. Phys.},
   Volume = {133},
 Pages = {203},
   Year = {2003} }

@article{pps2,
   Author = {E. Knill and I. Chuang and R. Laflamme},
   title = {Effective pure states for bulk quantum computation},  
Journal = {Phys. Rev. A},
   Volume = {57},
 Pages = {3348},
   Year = {1998} }

@article{pps3,
   Author = {E. Knill and R. Laflamme and R. Martinez and C. H. Tseng},
   title = {An algorithmic benchmark for quantum information processing},  
Journal = {Nature},
   Volume = {404},
 Pages = {368},
   Year = {2000} }


@article{pps4,
   Author = {L. M. K. Vandersypen and C. S. Yannoni and M. H. Sherwood and I. L. Chuang},
   title = {Realization
of effective pure states for bulk quantum computation},  
Journal = {Phys. Rev. Lett.},
   Volume = {83},
 Pages = {3085},
   Year = {1999} }

@article{pps5,
   Author = {D. Suter and A. Pines and M. Mehring},
   title = {Indirect phase detection of NMR spinor transitions},  
Journal = {Phys. Rev. Lett.},
   Volume = {57},
 Pages = {242},
   Year = {1986} }

@article{pps6,
   Author = {D. G. Cory and M. D. Price and T. F. Havel},
   title = {Nuclear magnetic resonance spectroscopy: An
experimentally accessible paradigm for quantum computing},  
Journal = {Physica D},
   Volume = {120},
 Pages = {82},
   Year = {1998} }

@article{pps7,
   Author = {R. Freeman},
   title = {Spin choreography},  
Journal = {Oxford Univ. Press},
   Volume = {},
 Pages = {},
   Year = {1998} }

@article{snr1,
   Author = {D. I. Hoult and R. E. Richards},
   title = {The signal-to-noise ratio of the nuclear magnetic resonance
experiment},  
Journal = {J. Magn. Reson.},
   Volume = {24},
 Pages = {71},
   Year = {1976} }

@article{tomography1,
   Author = {I. L. Chuang and L. M. K. Vandersypen and X. L. Zhou and D. W. Leung and S. Lloyd},
   title = {Experimental realization of a quantum algorithm},  
Journal = {Nature},
   Volume = {393},
 Pages = {143},
   Year = {1998} }

@article{tomography2,
   Author = {I. L. Chuang and N. Gershenfeld and M. Kubinec},
   title = {Experimental implementation of fast quantum searching},  
Journal = {Phys. Rev. Lett.},
   Volume = {80},
 Pages = {3408},
   Year = {1998} }

@article{tomography3,
   Author = {I. L. Chuang and N. Gershenfeld and M. Kubinec and D. W. Leung},
   title = {Bulk quantum computation with nuclear magnetic resonance: theory and experiment},  
Journal = {Proc. R. Soc. London, Ser. A},
   Volume = {454},
 Pages = {447},
   Year = {1998} }

@article{tomography4,
   Author = {L. Viola and E. Knill and S. Lloyd},
   title = {Dynamical decoupling of open quantum systems},  
Journal = {Phys. Rev. Lett.},
   Volume = {82},
 Pages = {2417},
   Year = {1999} }

@article{ernst,
   Author = {R. R. Ernst and G. Bodenhausen and A.Wokaun},
   title = {Principles of nuclear magnetic resonance
in one and two dimensions},  
Journal = {Oxford University Press},
   Volume = {},
 Pages = {},
   Year = {1987} }

@article{nmrtext1,
   Author = {N. Gershenfeld and I. L. Chuang},
   title = {Quantum computing with molecules},  
Journal = {Scientific American},
   Volume = {June},
 Pages = {},
   Year = {1998} }

@article{nmrtext2,
   Author = {R. Laflamme and E. Knill and D. G. Cory and E. M. Fortunato and T. Havel and
C. Miquel and R. Martinez and C. Negrevergne and G. Ortiz and M. A. Pravia and Y. Sharf and
S. Sinha and R. Somma and L. Viola},
   title = {Introduction to NMR quantum information processing},  
Journal = {arXiv},
   Volume = {0207172},
 Pages = {},
   Year = {2002} }

@article{nmrtext3,
   Author = {L. M. K. Vandersypen and I. L. Chuang},
   title = {NMR techniques for quantum control and computation},  
Journal = {Rev. Mod. Phys.},
   Volume = {76},
 Pages = {1037},
   Year = {2005} }

@article{nmrtext4,
   Author = {J. A. Jones},
   title = {Quantum computing with NMR},  
Journal = {Prog. Nucl. Magn. Reson. Spectrosc.},
   Volume = {59},
 Pages = {91},
   Year = {2010} }

@article{lq2,
   Author = {T. S. Mahesh and N. Sinha and A. Ghosh and R. Das ,  
N. Suryaprakash and M.H. Levitt and K. V. Ramanathan and A.Kumar },
   title = {Quantum information processing by NMR using strongly coupled spins},  
Journal = {Current Science},
   Volume = {85},
 Pages = {932},
   Year = {2003} }

@article{lq1,
   Author = {N. Suryaprakash},
   title = {Liquid crystals as solvents in  NMR spectroscopy: current developments in structure determination},  
Journal = {Current Organic Chemistry},
   Volume = {4},
 Pages = {85},
   Year = {2000} }

@article{lq3,
   Author = {Z. L. Madi and R.Bruschweiler and R. R. Ernst},
   title = {One- and two-dimensional ensemble quantum computing in spin Liouville space},  
Journal = {J. Chem. Phys.},
   Volume = {109},
 Pages = {10603},
   Year = {1998} }

@article{lq4,
   Author = {B. Fung},
   title = {Use of pairs of pseudopure states for NMR quantum computing},  
Journal = {Phys. Rev. A},
   Volume = {63},
 Pages = {022304},
   Year = {2001} }

@article{lq5,
   Author = {B. Fung},
   title = {Pairs of pseudopure states for 4- and 5-qubit nuclear magnetic resonance systems},  
Journal = {J. Chem. Phys.},
   Volume = {115},
 Pages = {8044},
   Year = {2001} }

@article{lq6,
   Author = {B. M. Fung and V. L. Ermakov},
   title = {A simple method for the preparation of pseudopure states
in nuclear magnetic resonance quantum information processing},  
Journal = {J. Chem. Phys.},
   Volume = {121},
 Pages = {8410},
   Year = {2004} }

@article{lq7,
   Author = {D. S. Abrams and S. Lloyd},
   title = {Quantum algorithm providing exponential speed increase for finding eigenvalues and eigenvectors},  
Journal = {Phys. Rev. Lett.},
   Volume = {83},
 Pages = {5162},
   Year = {1999} }

@article{shor21,
   Author = {X. H. Peng and Z. Y. Liao and N. Y. Xu and G. Qin and X. Y. Zhou and D. Suter and J. F. Du},
   title = {Quantum adiabatic algorithm for factorization and its experimental implementation},  
Journal = {Phys. Rev. Lett.},
   Volume = {101},
 Pages = {220405},
   Year = {2008} }

@article{optshor15,
   Author = {A. Politi and J. C. F. Matthews and J. L. O'Brien},
   title = {Shor's quantum factoring algorithm on a photonic chip},  
Journal = {Science},
   Volume = {35},
 Pages = {1221},
   Year = {2009} }

@article{shor143,
   Author = {N. Y. Xu and J. Zhu and D. W. Lu and X. Y. Zhou and X. H. Peng and J. F. Du},
   title = {Quantum factorization of 143 on a dipolar-coupling nuclear magnetic resonance system},  
Journal = {Phys. Rev. Lett.},
   Volume = {108},
 Pages = {130501},
   Year = {2012} }

@article{aqc1,
   Author = {E. Farhi and J. Goldstone and S. Gutmann and J. Lapan and A.
Lundgren and D. Preda},
   title = {A quantum adiabatic evolution algorithm applied to random instances of an NP-Complete problem},  
Journal = {Science},
   Volume = {292},
 Pages = {472},
   Year = {2001} }

@article{aqc2,
   Author = {R. Schutzhold and G. Schaller},
   title = {Adiabatic quantum algorithms as quantum phase transitions: First versus second order},  
Journal = {Phys. Rev. A},
   Volume = {74},
 Pages = {060304},
   Year = {2006} }

@article{aqc3,
   Author = {G. Schaller and R. Schutzhold},
   title = {The role of symmetries in adiabatic quantum algorithms},  
Journal = {Quantum Inf. Comput.},
   Volume = {10},
 Pages = {0109},
   Year = {2010} }

@article{aqc4,
   Author = {M. Steffen and W. van Dam and T. Hogg and G. Breyta and
I. Chuang},
   title = {Experimental implementation of an adiabatic quantum optimization algorithm},  
Journal = {Phys. Rev. Lett.},
   Volume = {90},
 Pages = {067903},
   Year = {2003} }

@article{aqc5,
   Author = {A. Mitra and A. Ghosh and R. Das and A. Patel and A. Kumar},
   title = {Experimental implementation of local adiabatic evolution algorithms by an NMR quantum information processor},  
Journal = {J. Magn. Reson.},
   Volume = {177},
 Pages = {285},
   Year = {2005} }

@article{rw1,
   Author = {D. W. Lu and J. Zhu and P. Zou and X. H. Peng and Y. H. Yu and S. M. Zhang and Q. Chen and J. F. Du},
   title = {Experimental implementation of a quantum random-walk search algorithm using strongly dipolar coupled spins},  
Journal = {Phys. Rev. A},
   Volume = {81},
 Pages = {022308},
   Year = {2010} }

@article{rwview1,
   Author = {D. Aharonov and A. Ambainis and J. Kempe and U. Vazirani},
   title = {Quantum walks on graphs},  
Journal = {Proceedings of
33rd ACM Symposium on Theory of Computation (STOC)},
   Volume = {},
 Pages = {50},
   Year = {2001} }

@article{rwview2,
   Author = {J. Kempe},
   title = {Quantum random walks - an introductory overview},  
Journal = {Contemp. Phys.},
   Volume = {44},
 Pages = {307},
   Year = {2003} }

@article{rwview3,
   Author = {A. Ambainis},
   title = {Quantum walks and their algorithmic applications},  
Journal = {Int. J.  Quantum Inf.},
   Volume = {1},
 Pages = {507},
   Year = {2003} }

@article{rwview4,
   Author = {A. M. Childs and R. Cleve and E. Deotto and E. Farhi and S. Gutmann and D. A. Spielman},
   title = {Exponential algorithmic speedup by quantum walk},  
Journal = {Proc. 35th ACM Symposium on Theory of Computing},
   Volume = {1},
 Pages = {59},
   Year = {2003} }

@article{rwview5,
   Author = {A. M. Childs and L. J. Schulman and U. V. Vazirani},
   title = {Quantum algorithms for hidden nonlinear structures},  
Journal = {Proc. 48th IEEE Symposium on Foundations of Computer Science},
   Volume = {395},
 Pages = {},
   Year = {2007} }

@article{rwview6,
   Author = {A. Ambainis},
   title = {Quantum walk algorithm for element distinctness},  
Journal = {SIAM J. Comput.},
   Volume = {37},
 Pages = {210},
   Year = {2007} }

@article{rwview7,
   Author = {F. Magniez and M. Santha and M. Szegedy},
   title = {Quantum algorithms for the triangle problem},  
Journal = {Proc. 16th ACM-SIAM Symposium on Discrete Algorithms},
   Volume = {},
 Pages = {1109},
   Year = {2005} }

@article{rwview8,
   Author = {E. Farhi and J. Goldstone and S. Gutmann},
   title = {A quantum algorithm for the Hamiltonian NAND tree},  
Journal = {Theory of Computing},
   Volume = {4},
 Pages = {169},
   Year = {2008} }

@article{skw,
   Author = {N. Shenvi and J. Kempe and K. Whaley},
   title = {Quantum random-walk search algorithm},  
Journal = {Phys. Rev. A},
   Volume = {67},
 Pages = {052307},
   Year = {2003} }

@article{crw,
   Author = {A. Einstein},
   title = {On the movement of small particles suspended in a stationary liquid demanded by the molecular kinetic
theory of heat},  
Journal = {Phys. },
   Volume = {17},
 Pages = {549},
   Year = {1905} }

@article{crw2,
   Author = {V. Kendon and O. Maloyer},
   title = {Optimal computation with noisy quantum walks},  
Journal = {Theoretical Computer Science},
   Volume = {394},
 Pages = {187},
   Year = {2008} }

@article{crw3,
   Author = {A. Ambainis and E. Bach and A. Nayak and A. Vishwanath and
J. Watrous},
   title = {One-dimensional quantum walks},  
Journal = {In Proc. 33th STOC},
   Volume = {60},
 Pages = {},
   Year = {2001} }

@article{crw4,
   Author = {E. Farhi and S. Gutmann},
   title = {Quantum computation and decision trees},  
Journal = {Phys. Rev. A},
   Volume = {58},
 Pages = {915},
   Year = {1998} }

@article{grover,
   Author = {L. Grover},
   title = {Quantum mechanics helps in searching for a needle in a haystack},  
Journal = {Phys. Rev. Lett.},
   Volume = {79},
 Pages = {325},
   Year = {1997} }

@article{skw2,
   Author = {A. Tulsi},
   title = {Faster quantum-walk algorithm for the two-dimensional spatial search},  
Journal = {Phys. Rev. A},
   Volume = {78},
 Pages = {012310},
   Year = {2008} }

@article{skw3,
   Author = {D. Reitzner and M. Hillery and E. Feldman and V. Buzek},
   title = {Quantum searches on highly symmetric graphs},  
Journal = {Phys. Rev. A},
   Volume = {79},
 Pages = {012323},
   Year = {2009} }

@article{skw4,
   Author = {C. M. Chandrashekar and R. Srikanth and R. Laflamme},
   title = {Optimizing the discrete time quantum walk using a SU(2) coin},  
Journal = {Phys. Rev. A},
   Volume = {77},
 Pages = {032326},
   Year = {2008} }

@article{skw5,
   Author = {V. Potocek and A.Gabris and T. Kiss and I. Jex},
   title = {Optimized quantum random-walk search algorithms on the hypercube},  
Journal = {Phys. Rev. A},
   Volume = {79},
 Pages = {012325},
   Year = {2009} }

@article{rwexp1,
   Author = {B. C. Travaglione and G. J. Milburn},
   title = {Implementing the quantum random walk},  
Journal = {Phys. Rev. A},
   Volume = {65},
 Pages = {032310},
   Year = {2002} }

@article{rwexp2,
   Author = {J. Du and H. Li and X. Xu and M. Shi and J. Wu and X. Zhou and R. Han},
   title = {Experimental implementation of the quantum random-walk algorithm},  
Journal = {Phys. Rev. A},
   Volume = {67},
 Pages = {042316},
   Year = {2003} }

@article{rwexp3,
   Author = {C. A. Ryan and M. Laforest and J. C. Boileau and R. La?amme},
   title = {Experimental implementation of a discrete-time quantum random walk on an NMR quantum-information processor},  
Journal = {Phys. Rev. A},
   Volume = {72},
 Pages = {062317},
   Year = {2005} }

@article{rwexp4,
   Author = {C. M. Chandrashekar},
   title = {Implementing the one-dimensional quantum (Hadamard) walk using a Bose-Einstein condensate},  
Journal = {Phys. Rev. A},
   Volume = {74},
 Pages = {032307},
   Year = {2006} }

@article{qschem1,
   Author = {T. Helgaker and P. Jorgensen and J. Olsen},
   title = {Molecular Electronic Structure Theory},  
Journal = {Wiley},
   Volume = {},
 Pages = {},
   Year = {2000} }

@article{qschem2,
   Author = {M. Head-Gordon and E. Artacho},
   title = {Chemistry on the computer},  
Journal = {Phys. Today},
   Volume = {61},
 Pages = {58},
   Year = {2008} }

@article{qschem3,
   Author = {A. Szabo and N. S. Ostlund},
   title = {Modern quantum chemistry: Introduction to advanced electronic structure theory},  
Journal = {McGrawHill},
   Volume = {New York},
 Pages = {},
   Year = {1989} }

@article{qschem4,
   Author = {R. G. Parr and W. T. Yang},
   title = {Density-functional theory of the electronic structure of molecules},  
Journal = {Annu. Rev. Phys. Chem.},
   Volume = {46},
 Pages = {701},
   Year = {1995} }

@article{qschem5,
   Author = {W. Kohn and A. D. Becke and R. G. Parr},
   title = {Density Functional Theory of Electronic Structure},  
Journal = {J. Phys. Chem.},
   Volume = {100},
 Pages = {12974},
   Year = {1996} }

@article{qschem6,
   Author = {J. R. Chelikowsky et al.},
   title = {Pseudopotentials on grids: Application to the electronic,
optical, and vibrational properties of silicon nanocrystals},  
Journal = {J. Comput. Theor. Nanosci.},
   Volume = {6},
 Pages = {1247},
   Year = {2009} }


@article{qschem7,
   Author = {S. Goedecker},
   title = {Linear scaling electronic structure methods},  
Journal = {Rev. Mod. Phys.},
   Volume = {71},
 Pages = {1085},
   Year = {1999} }


@article{qschem8,
   Author = {L. Hung and E. A. Carter},
   title = {Accurate simulations of metals at the mesoscale:
Explicit treatment of 1 million atoms with quantum mechanics},  
Journal = {Chem. Phys. Lett.},
   Volume = {475},
 Pages = {163},
   Year = {2009} }

@article{qschem9,
   Author = {A. Dreuw and M. Head-Gordon},
   title = {Failure of time-dependent density functional
theory for long-range charge-transfer excited states: The zincbacteriochlorin-
bacterlochlorin and bacteriochlorophyll-spheroidene complexes.},  
Journal = {J. Am. Chem. Soc.},
   Volume = {126},
 Pages = {4007},
   Year = {2004} }

@article{qschem10,
   Author = {B. G. Levine and T. J. Martinez},
   title = {Isomerization through conical intersections},  
Journal = {Ann. Rev. Phys. Chem.},
   Volume = {58},
 Pages = {613},
   Year = {2007} }

@article{qschem11,
   Author = {P. A. Lee and N. Nagaosa and X. G. Wen},
   title = {Doping a Mott insulator: Physics of high-temperature superconductivity},  
Journal = {Rev. Mod. Phys.},
   Volume = {78},
 Pages = {17},
   Year = {2006} }

@article{qschem12,
   Author = {A. J. Cohen and P. Mori-Sanchez and W. T. Yang},
   title = {Insights into current limitations of density functional theory},  
Journal = {Science},
   Volume = {321},
 Pages = {792},
   Year = {2008} }

@article{qschem13,
   Author = {H. Rabitz et al.},
   title = {Whither the future of controlling quantum phenomena?},  
Journal = {Science},
   Volume = {288},
 Pages = {824},
   Year = {2000} }

@article{qschem14,
   Author = {W. S. Warren and H. Rabitz and M. Dahleh},
   title = {Coherent control of quantum dynamics: The dream is alive},  
Journal = {Science},
   Volume = {259},
 Pages = {1581},
   Year = {1993} }

@article{qschem15,
   Author = {S. A. Rice and M. Zhao},
   title = {Optical control of molecular dynamics},  
Journal = {John Wiley, New York},
   Volume = {},
 Pages = {},
   Year = {2000} }

@article{qschem16,
   Author = {M. Shapiro and P. Brumer},
   title = {Principles of the quantum control of molecular processes},  
Journal = {John Wiley, New York},
   Volume = {},
 Pages = {},
   Year = {2003} }

@article{qschem17,
   Author = {D. Wang},
   title = {A full dimensional, nine-degree-of-freedom, time-dependent quantum dynamics study for the H2+C2H reaction },  
Journal = {J. Chem. Phys.},
   Volume = {204},
 Pages = {201105},
   Year = {2006} }

@article{qschem18,
   Author = {H. D. Meyer and G. A. Worth},
   title = {Quantum molecular dynamics:
Propagating wavepackets and density operators using the
Multi-conguration time-dependent Hartree (MCTDH) method},  
Journal = {Theor. Chem. Acc.},
   Volume = {109},
 Pages = {251},
   Year = {2003} }

@article{qschem19,
   Author = {S. Wiesner},
   title = {Simulations of many-body quantum systems by a quantum computer},  
Journal = {arXiv},
   Volume = {},
 Pages = {quant-ph/9603028},
   Year = {1996} }

@article{qschem20,
   Author = {D. Berry and G. Ahokas and R. Cleve and B. Sanders},
   title = {Efficient quantum algorithms for simulating sparse Hamiltonians},  
Journal = {Comm. Math. Phys.},
   Volume = {270},
 Pages = {359},
   Year = {2007} }

@article{qschem21,
   Author = {N. Hatano and M. Suzuki},
   title = {Finding exponential product formulas of higher orders},  
Journal = {Lecture Notes in Physics},
   Volume = {679},
 Pages = {37},
   Year = {2005} }

@article{qschem22,
   Author = {A. Kitaev},
   title = {Quantum measurements and the Abelian Stabilizer Problem},  
Journal = {arXiv},
   Volume = {},
 Pages = {quant-ph/9511026},
   Year = {1995} }

@article{qschem23,
   Author = {H.Wang and L. A.Wu and Y. X. Liu and F. Nori},
   title = {Measurement-based quantum phase estimation algorithm for finding eigenvalues of non-unitary matrices},  
Journal = {Phys. Rev. A},
   Volume = {82},
 Pages = {062303},
   Year = {2010} }

@article{qschem24,
   Author = {L. F. Wei and F. Nori},
   title = {Quantum phase estimation algorithms with delays: effects of dynamical phases},  
Journal = {J. Phys. A},
   Volume = {37},
 Pages = {4607},
   Year = {2004} }

@article{qschem25,
   Author = {S. P. Jordan},
   title = {Fast quantum algorithm for numerical gradient estimation},  
Journal = {Phys. Rev. Lett.},
   Volume = {95},
 Pages = {050501},
   Year = {2005} }

@article{qschem26,
   Author = {R. Somma and G. Ortiz and E. Knill and J. Gubernatis},
   title = {Quantum Simulations of Physics Problems},  
Journal = {Int. J. Quantum Inf.},
   Volume = {1},
 Pages = {189},
   Year = {2003} }



@article{qschem27,
   Author = {B. Terhal and D. DiVincenzo},
   title = {Fast quantum algorithm for numerical gradient estimation},  
Journal = {Phys. Rev. A},
   Volume = {61},
 Pages = {022301},
   Year = {2000} }

@article{qschem28,
   Author = {A. Messiah},
   title = {Quantum mechanics},  
Journal = {New York},
   Volume = {},
 Pages = {},
   Year = {1976} }

@article{qschem29,
   Author = {T. Kato},
   title = {On the adiabatic theorem of quantum mechanics},  
Journal = {J. Phys. Soc. Jpn.},
   Volume = {5},
 Pages = {435},
   Year = {1950} }

@article{hydro1,
   Author = {P. Kok and W. J. Munro and K. Nemoto and T. C. Ralph and J. P. Dowling and G. J.
Milburn},
   title = {Linear optical quantum computing with photonic qubits},  
Journal = {Rev. Mod. Phys.},
   Volume = {79},
 Pages = {135},
   Year = {2007} }

@article{hydro2,
   Author = {J. F. Du and P. Zou and M. J. Shi and L. C. Kwek and J. W. Pan and C. H. Oh and A. Ekert and D.
K. L. Oi and M. Ericsson},
   title = {Observation of geometric phases for mixed states using NMR interferometry},  
Journal = {Phys. Rev. Lett.},
   Volume = {91},
 Pages = {100403},
   Year = {2005} }

@article{hydro3,
   Author = {X. H. Peng and X.W. Zhu and D. Suter and J. F. Du and M. L. Liu and K. L. Gao},
   title = {Quantification of complementarity in multiqubit systems},  
Journal = {Phys. Rev. A},
   Volume = {72},
 Pages = {052109},
   Year = {2005} }

@article{hydro4,
   Author = {H. W. Chen and M. G. Hu and J. L. Chen and J. F. Du},
   title = {Observation of geometric phases for three-level systems using NMR interferometry},  
Journal = {Phys. Rev. A},
   Volume = {80},
 Pages = {054101},
   Year = {2009} }

@article{hydro5,
   Author = {A. P. Young and S. Knysh and V. N. Smelyanskiy},
   title = {Size dependence of the minimum excitation gap in the quantum adiabatic algorithm},  
Journal = {Phys. Rev. Lett.},
   Volume = {101},
 Pages = {170503},
   Year = {2005} }

@article{hydro6,
   Author = {H. Wang and S. Ashhab and F.Nori},
   title = {Quantum algorithm for simulating the dynamics of an open quantum system},  
Journal = {Phys. Rev. A},
   Volume = {83},
 Pages = {062317},
   Year = {2011} }

@article{nmrdym1,
   Author = {N. Doslic and O. Kuhn and J. Manz and K. Sundermann},
   title = {The Hydrogen-Subway-A tunneling approach to intramolecular hydrogen transfer reactions controlled by ultrashort laser pulses
},  
Journal = {J. Phys. Chem. A},
   Volume = {102},
 Pages = {9645},
   Year = {1998} }

@article{invited1,
   Author = {D.W. Lu and N. Y. Xu and B. R. Xu and Z. K. Li and H. W. Chen and X. H. Peng and R. X. Xu and J. F. Du},
   title = {Experimental study of the quantum simulation towards quantum chemistry with an NMR
simulator},  
Journal = {Invited by Phil. Trans. R. Soc. A},
   Volume = {accepted},
 Pages = {},
   Year = {2012} }

@article{invited2,
   Author = {D.W. Lu and B. R. Xu and N. Y. Xu and Z. K. Li and H. W. Chen and X. H. Peng and R. X. Xu and J. F. Du},
   title = {Quantum chemistry simulation on quantum computers: Theories and Experiments},  
Journal = {Invited by Phys. Chem. Chem. Phys. Perspective},
   Volume = {submitted},
 Pages = {},
   Year = {2011} }

@article{watermo1,
   Author = {H. Wang and S. Kais and A. Aspuru-Guzik and M. R. Hoffmann },
   title = {Quantum algorithm for obtaining the energy spectrum of molecular systems},  
Journal = {Phys. Chem. Chem. Phys.},
   Volume = {10},
 Pages = {5388},
   Year = {2008} }

@article{watermo2,
   Author = {H. Wang and S. Ashhab and F. Nori},
   title = {Quantum algorithm for obtaining the energy spectrum of a physical system},  
Journal = {arXiv},
   Volume = {},
 Pages = {quant-ph/1108.5902v1},
   Year = {2011} }

@article{dymtopo,
   Author = {C. Nayak and S. H. Simon and A. Stern and M. Freedman and S. D. Sarma},
   title = {Non-Abelian anyons and topological quantum computation},  
Journal = {Rev. Mod. Phys.},
   Volume = {80},
 Pages = {1083},
   Year = {2008} }

@article{dymoneway,
   Author = {C. Y. Ju and J. Zhu and X. H. Peng and B. Chong and X. Y. Zhou and J. F. Du},
   title = {A one-way quantum computer},  
Journal = {Phys. Rev. A},
   Volume = {81},
 Pages = {012322},
   Year = {2010} }

@article{heisen1,
   Author = {A. Y. Kitaev and A. H. Shen and M. N. Vyalyi},
   title = {Classical and Quantum Computation},  
Journal = {American Mathematical Society: Providence},
   Volume = {RI},
 Pages = {},
   Year = {2002} }

@article{heisen2,
   Author = {R. Somma and C. D. Batista and G. Ortiz},
   title = {Quantum approach to classical
statistical mechanics},  
Journal = {Phys. Rev. Lett.},
   Volume = {99},
 Pages = {030603},
   Year = {2007} }

@article{heisen3,
   Author = {M. H. Yung and A. Aspuru-Guzik},
   title = {A Quantum-Quantum Metropolis Algorithm},  
Journal = {	Proc. Natl. Acad. Sci. USA},
   Volume = {109},
 Pages = {754},
   Year = {2012} }

@article{heisen4,
   Author = {W. Kohn},
   title = {Nobel Lecture: Electronic structure of matterwave functions and
density functionals},  
Journal = {Rev. Mod. Phys.},
   Volume = {71},
 Pages = {1253},
   Year = {1999} }

@article{heisen5,
   Author = {D. Poulin and P. Wocjan},
   title = {Preparing Ground States of Quantum Many-Body
Systems on a Quantum Computer},  
Journal = {Phys. Rev. Lett.},
   Volume = {102},
 Pages = {130503},
   Year = {2009} }

@article{app1,
   Author = {J. F. Du and M. J. Shi and X. Y. Zhou and Y. M. Fan and B. J. Ye and R. D. Han and J. H. Wu},
   title = {Implementation of a quantum algorithm to solve the Bernstein-Vazirani parity problem without entanglement on an ensemble quantum computer},  
Journal = {Phys. Rev. A},
   Volume = {64},
 Pages = {042306},
   Year = {2001} }

@article{app2,
   Author = {J. F. Du and H. Li and X. D. Xu and M. J. Shi and J. H. Wu and X. Y. Zhou and R. D. Han},
   title = {Experimental Realization of Quantum Games on a Quantum Computer},  
Journal = {Phys. Rev. Lett.},
   Volume = {88},
 Pages = {137902},
   Year = {2002} }

@article{app3,
   Author = {J. F. Du and H. Li and X. D. Xu and M. J. Shi and J. H. Wu and X. Y. Zhou and R. D. Han},
   title = {Experimental implementation of the quantum random-walk algorithm},  
Journal = {Phys. Rev. A},
   Volume = {67},
 Pages = {042316},
   Year = {2003} }

@article{app4,
   Author = {J. F. Du and P. Zou and M. J. Shi and L. C. Kwek and J. W. Pan and C. H. Oh and A. Ekert and D. K. L. Oi and M. Ericsson},
   title = {Observation of Geometric Phases for Mixed States using NMR Interferometry},  
Journal = {Phys. Rev. Lett.},
   Volume = {91},
 Pages = {100403},
   Year = {2003} }

@article{app5,
   Author = {X. H. Peng and J. F. Du and D. Suter},
   title = {Quantum phase transition of ground-state entanglement in a Heisenberg spin chain simulated in an NMR quantum computer},  
Journal = {Phys. Rev. A},
   Volume = {71},
 Pages = {012307},
   Year = {2005} }

@article{app6,
   Author = {J. F. Du and T. Durt. and P. Zou and H. Li and L. C. Kwek and C. H. Lai and C. H. Oh and A. Ekert},
   title = {Experimental Quantum Cloning with Prior Partial Information},  
Journal = {Phys. Rev. Lett.},
   Volume = {94},
 Pages = {040505},
   Year = {2005} }

@article{app7,
   Author = {J. F. Du and P. Zou and Z. D. Wang},
   title = {Experimental implementation of high-fidelity unconventional geometric quantum gates using an NMR interferometer},  
Journal = {Phys. Rev. A},
   Volume = {74},
 Pages = {020302},
   Year = {2006} }

@article{app8,
   Author = {J. F. Du and M. Sun and X. H. Peng and T. Durt},
   title = {Realization of entanglement-assisted qubit-covariant symmetric-informationally-complete positive-operator-valued measurements},  
Journal = {Phys. Rev. A},
   Volume = {74},
 Pages = {042341},
   Year = {2006} }

@article{app9,
   Author = {H. W. Chen and X. Y. Zhou and D. Suter and J. F. Du},
   title = {Experimental realization of 1¡ú2 asymmetric phase-covariant quantum cloning},  
Journal = {Phys. Rev. A},
   Volume = {75},
 Pages = {012317},
   Year = {2007} }

@article{app10,
   Author = {J. F. Du and L. Z. Hu and Y. Wang and J. D. Wu and M. S. Zhao and D. Suter},
   title = {Experimental Study of the Validity of Quantitative Conditions in the Quantum Adiabatic Theorem },  
Journal = {Phys. Rev. Lett.},
   Volume = {101},
 Pages = {060403},
   Year = {2008} }

@article{app11,
   Author = {X. H. Peng and  J. F. Du and D. Suter },
   title = {Measuring complete quantum states with a single observable},  
Journal = {Phys. Rev. A},
   Volume = {76},
 Pages = {042117},
   Year = {2007} }

@article{app12,
   Author = {H. W. Chen and M. G. Hu and J. L. Chen and J. F. Du},
   title = {Observation of geometric phases for three-level systems using NMR interferometry},  
Journal = {Phys. Rev. A},
   Volume = {80},
 Pages = {054101},
   Year = {2009} }

@article{app13,
   Author = {H. W. Chen and X. Kong and B. Chong and G. Qin and X. Y. Zhou and X. H. Peng and J. F. Du},
   title = {Experimental demonstration of a quantum annealing algorithm for the traveling salesman problem in a nuclear-magnetic-resonance quantum simulator},  
Journal = {Phys. Rev. A},
   Volume = {83},
 Pages = {032314},
   Year = {2011} }

@article{app14,
   Author = {X. H. Peng and J. F. Zhang and J. F. Du and D. Suter},
   title = {Quantitative complementarity between local and nonlocal character of quantum states in a three-qubit system },  
Journal = {Phys. Rev. A},
   Volume = {77},
 Pages = {052107},
   Year = {2008} }

@article{app15,
   Author = {X. H. Peng and J. F. Zhang and J. F. Du and D. Suter},
   title = {Quantum Simulation of a System with Competing Two- and Three-Body Interactions},  
Journal = {Phys. Rev. Lett.},
   Volume = {103},
 Pages = {140501},
   Year = {2009} }

@article{app16,
   Author = {X. H. Peng and S. F. Wu and J. Li and D. Suter and J. F. Du},
   title = {Observation of the Ground-State Geometric Phase in a Heisenberg XY Model },  
Journal = {Phys. Rev. Lett.},
   Volume = {105},
 Pages = {240405},
   Year = {2010} }

@article{app17,
   Author = {H. W. Chen and D. W. Lu and B. Chong and G. Qin and X. Y. Zhou and X. H. Peng and J. F. Du},
   title = {Experimental Demonstration of Probabilistic Quantum Cloning},  
Journal = {Phys. Rev. Lett.},
   Volume = {106},
 Pages = {180404},
   Year = {2011} }

@article{app18,
   Author = {X. H. Peng and J. F. Zhang and J. F. Du and D. Suter},
   title = {Ground-state entanglement in a system with many-body interactions },  
Journal = {Phys. Rev. A},
   Volume = {81},
 Pages = {042327},
   Year = {2010} }

@article{app19,
   Author = {J. F. Du and P. Zou and X. H. Peng and D. K. L. Oi and L. C. Kwek and C. H. Oh and A. Ekert},
   title = {Experimental quantum multimeter and one-qubit fingerprinting},  
Journal = {Phys. Rev. A},
   Volume = {74},
 Pages = {042319},
   Year = {2006} }

@article{app20,
   Author = {J. F. Du and J. Zhu and M. J. Shi and X. H. Peng and D. Suter},
   title = {Experimental observation of a topological phase in the maximally entangled state of a pair of qubits},  
Journal = {Phys. Rev. A},
   Volume = {76},
 Pages = {042121},
   Year = {2007} }

@article{app21,
   Author = {C. L. Ren and D. W. Lu and M. J. Shi and X. H. Peng and J. F. Du},
   title = {Experimentally simulating the violation of Bell-type inequalities for generalized GHZ states},  
Journal = {Phys. Lett. A},
   Volume = {373},
 Pages = {4222},
   Year = {2009} }

@article{app22,
   Author = {J. Zhu and M. J. Shi and V. Vedral and X. H. Peng and D. Suter and J. F. Du},
   title = {Experimental demonstration of a unified framework for mixed-state geometric phases},  
Journal = {Euro. Phys. Lett.},
   Volume = {94},
 Pages = {20007},
   Year = {2011} }

@article{app23,
   Author = {C. Di Franco and M. Paternostro and M. S. Kim},
   title = {Hamiltonian Tomography in an Access-Limited Setting without State Initialization},  
Journal = {Phys. Rev. Lett.},
   Volume = {102},
 Pages = {187203},
   Year = {2009} }

@article{app24,
   Author = {J. Baugh and O. Moussa and C. A. Ryan and R. Laflamme},
   title = {Solid-state NMR three-qubit homonuclear system for quantum-information processing:
Control and characterization},  
Journal = {Phys. Rev. A},
   Volume = {73},
 Pages = {022305},
   Year = {2006} }

@article{app25,
   Author = {J. Baugh and O. Moussa and C. A. Ryan and A. Nayak and R. Laflamme},
   title = {Experimental implementation of heat-bath algorithmic cooling using solid-state nuclear magnetic resonance},  
Journal = {Nature},
   Volume = {438},
 Pages = {470},
   Year = {2005} }

@article{app26,
   Author = {C. Y. Ju and J. Zhu and X. H. Peng and B. Chong and X. Y. Zhou and J. F. Du},
   title = {Experimental demonstration of deterministic one-way quantum computation on a NMR quantum computer},  
Journal = {Phys. Rev. A},
   Volume = {81},
 Pages = {012322},
   Year = {2010} }

@article{app27,
   Author = {Z. Wu and J. Li and W. Q. Zheng and J. Luo and M. Feng and X. H. Peng},
   title = {Experimental demonstration of the Deutsch-Jozsa algorithm in homonuclear multispin systems},  
Journal = {Phys. Rev. A},
   Volume = {84},
 Pages = {042312},
   Year = {2011} }

@article{app28,
   Author = {B. Kraus},
   title = {Compressed Quantum Simulation of the Ising Model},  
Journal = {Phys. Rev. Lett.},
   Volume = {107},
 Pages = {250503},
   Year = {2011} }

@article{app29,
   Author = {J. F. Zhang and M. H. Yung and R. Laflamme and A. Aspuru-Guzik and J. Baugh},
   title = {Digital Quantum Simulation of the Statistical Mechanics of a Frustrated Magnet},  
Journal = {arXiv:1108.3270v1},
   Volume = {},
 Pages = {},
   Year = {2011} }