
@ARTICLE{JM08,
   author = {{Jozsa}, R. and {Miyake}, A.},
    title = "{Matchgates and classical simulation of quantum circuits}",
  journal = {Royal Society of London Proceedings Series A},
archivePrefix = "arXiv",
   eprint = {0804.4050},
 primaryClass = "quant-ph",
     year = 2008,
    month = dec,
   volume = 464,
    pages = {3089-3106},
      doi = {10.1098/rspa.2008.0189},
   adsurl = {http://adsabs.harvard.edu/abs/2008RSPSA.464.3089J},
  adsnote = {Provided by the SAO/NASA Astrophysics Data System}
}


@ARTICLE{RFSW10,
   author = {{Ramelow}, S. and {Fedrizzi}, A. and {Steinberg}, A.~M. and 
	{White}, A.~G.},
    title = "{Matchgate quantum computing and non-local process analysis}",
  journal = {New Journal of Physics},
archivePrefix = "arXiv",
   eprint = {0909.3016},
 primaryClass = "quant-ph",
     year = 2010,
    month = aug,
   volume = 12,
   number = 8,
    pages = {083027},
      doi = {10.1088/1367-2630/12/8/083027},
   adsurl = {http://adsabs.harvard.edu/abs/2010NJPh...12h3027R},
  adsnote = {Provided by the SAO/NASA Astrophysics Data System}
}

@ARTICLE{Z12,
   author = {{Zimboras}, Z. and {Faccin}, M. and {Kadar}, Z. and {Whitfield}, J. and 
	{Lanyon}, B. and {Biamonte}, J.},
    title = "{Quantum Transport Enhancement by Time-Reversal Symmetry Breaking}",
  journal = {ArXiv e-prints},
archivePrefix = "arXiv",
   eprint = {arXiv:1208.4049},
 primaryClass = "quant-ph",
 keywords = {Quantum Physics},
     year = 2012,
    month = aug,
   adsurl = {http://adsabs.harvard.edu/abs/2012arXiv1208.4049Z},
  adsnote = {Provided by the SAO/NASA Astrophysics Data System}
}